3206 5208
787 537 1007 595 „22-

366 711 414 772 est
439 711 553 789 optare
577 706 701 772 cladem
723 706 894 790 publicam,
918 709 975 773 sed
999 708 1074 792 quia
1096 710 1206 791 iugens
1222 711 1334 774 mortis
1351 712 1432 775 sola-

365 814 444 878 tium
468 815 535 879 est“
563 837 589 880 e.
614 836 645 897 q.
670 835 695 878 s.
732 835 781 897 ep.
805 837 846 878 m.
873 817 924 894 58,
944 820 998 879 28:
1028 822 1176 900 „manent
1200 816 1282 879 enim
1307 822 1431 898 cuncta,

364 942 429 987 non
454 922 528 1004 quia
550 927 683 986 aeterna
706 925 790 1003 suut,
815 920 871 986 sed
895 922 969 1004 quia
992 921 1206 987 defenduntur
1230 944 1307 988 cura
1322 946 1433 1006 regen-

365 1028 440 1092 list
465 1049 515 1110 ep.
532 1049 574 1092 m.
593 1032 644 1108 79,
663 1033 696 1091 2:
725 1032 854 1113 „potest
876 1027 940 1093 hoc
963 1028 1118 1110 accidere,
1143 1050 1208 1093 non
1225 1030 1300 1111 quia
1316 1031 1432 1096 montis

366 1134 503 1201 altitudo
522 1135 695 1218 descendit,
720 1135 776 1200 sed
794 1136 869 1217 quia
884 1136 965 1218 ignis
982 1136 1141 1200 evanuir‘.
1167 1142 1219 1213 87,
1239 1140 1297 1200 31:
1326 1138 1431 1223 „Posi-

365 1241 494 1324 donius,
526 1247 563 1306 ut
596 1263 655 1325 ego
687 1243 849 1324 existimo,
881 1242 993 1307 melius
1005 1291 1013 1324 ,
1046 1243 1100 1325 qui
1131 1243 1177 1307 ait
1208 1242 1332 1308 divitias
1364 1265 1431 1308 esse

366 1369 496 1414 causam
519 1348 687 1430 malorum,
711 1369 775 1414 non
799 1349 873 1432 quia
887 1350 977 1431 ipsae
993 1348 1113 1413 faciunt
1129 1349 1259 1432 aliquid,
1285 1350 1342 1415 sed
1357 1351 1432 1433 quia

364 1456 506 1522 facturos
529 1455 694 1520 inritant“.
725 1460 778 1537 88,
796 1459 854 1519 20:
882 1476 1001 1538 „quare
1026 1476 1101 1536 ergo
1118 1455 1302 1521 liberalibus
1319 1457 1431 1521 studiis

364 1561 445 1627 filios
469 1561 654 1626 erudimus?
678 1582 742 1626 non
767 1562 841 1644 quia
856 1562 1007 1625 virtutem
1024 1561 1100 1626 dare
1116 1567 1260 1644 possunt,
1285 1562 1341 1627 sed
1358 1564 1432 1646 quia

365 1669 504 1734 animum
536 1667 578 1733 ad
610 1667 828 1750 accipiendam
857 1668 1008 1732 virtutem
1034 1669 1260 1751 praeparant“.
1298 1672 1371 1751 106,
1398 1674 1429 1733 l:

368 1775 510 1859 ⁷,tardius
533 1773 675 1839 rescribo
700 1774 741 1838 ad
771 1774 923 1856 epistulas
953 1781 1036 1857 tuas,
1068 1796 1134 1839 non
1164 1776 1239 1857 quia
1266 1776 1430 1841 districtus

365 1881 629 1964 occupationibus
653 1882 740 1946 sum“
768 1903 793 1948 e.
812 1902 842 1963 q.
861 1902 885 1947 s.
910 1903 1024 1964 agmen
1048 1881 1177 1946 claudat
1201 1882 1232 1946 d.
1255 1882 1308 1950 IV
1324 1887 1375 1964 25,
1395 1887 1428 1947 3:

367 1989 442 2072 „ubi
465 1990 602 2053 animum
627 1988 721 2053 simul
744 1992 776 2053 et
801 2008 918 2070 corpus
940 1988 1122 2070 voluptates
1147 2010 1331 2070 corrupere,
1354 1990 1431 2054 nihil

364 2095 529 2161 tolerabile
545 2094 681 2177 videtur,
705 2116 770 2159 non
786 2096 861 2177 quia
877 2095 964 2175 dura,
989 2093 1046 2158 sed
1067 2095 1141 2177 quia
1156 2095 1260 2160 mollis
1275 2097 1428 2178 patitur“.

365 2203 419 2286 qui
446 2204 536 2268 locus
566 2203 629 2268 hoc
659 2224 729 2267 cum
754 2204 869 2267 ceteris
893 2203 1054 2285 discrepat
1078 2204 1166 2286 quod
1189 2204 1230 2268 ad
1254 2205 1429 2270 membrum

363 2309 505 2393 pendens
528 2310 569 2374 ab
597 2331 680 2394 „non
704 2309 798 2392 quia“
828 2312 935 2376 exeis
959 2331 1040 2393 quae
1064 2315 1242 2392 sequuntur
1266 2312 1426 2395 „patitnr“

365 2423 414 2481 est
437 2417 660 2500 supplendum.

432 2522 552 2588 Omnes
579 2525 678 2607 igitur
707 2547 788 2607 quae
811 2525 859 2590 his
882 2525 915 2589 in
938 2525 1019 2589 locis
1044 2546 1159 2590 causae
1183 2547 1251 2592 esse
1275 2532 1430 2609 negantur

366 2631 496 2697 omnino
520 2652 586 2697 non
609 2652 702 2696 verae
723 2638 807 2716 sunt,
831 2634 927 2698 immo
950 2632 1146 2715 cogitatione
1163 2631 1307 2698 effectae.
1346 2633 1429 2696 unde

364 2737 567 2803 manifestum
598 2744 647 2803 est
676 2738 763 2804 illam
794 2739 834 2804 de
863 2761 926 2823 qua
949 2761 1047 2824 supra
1069 2740 1250 2806 monuimus
1273 2739 1375 2823 legem
1397 2740 1429 2803 in

365 2842 506 2911 Senecae
530 2844 711 2929 philosophi
744 2846 871 2928 scriptis
903 2868 967 2911 non
999 2847 1115 2927 valere,
1150 2868 1222 2911 cum
1249 2846 1347 2910 etiam
1376 2846 1429 2910 ubi

365 2952 601 3018 coniunctivum
631 2957 852 3035 exspectamus
880 2952 1027 3035 neglecta
1055 2953 1109 3017 illa
1132 2953 1203 3035 lege
1225 2951 1429 3017 indicativum

364 3057 555 3123 adhibuerit.
601 3058 679 3122 nihil
698 3059 796 3140 igitur
816 3058 908 3123 video
926 3079 1043 3124 causae
1060 3080 1117 3122 cur
1131 3059 1326 3124 retineamus
1344 3057 1428 3141 quod

365 3163 490 3230 Haasio
514 3172 646 3230 auctore
669 3165 803 3247 legimus
828 3186 877 3247 ep.
894 3187 936 3228 m.
955 3170 1006 3247 26,
1031 3168 1066 3228 4:
1095 3171 1146 3250 „et
1167 3165 1237 3247 quis
1258 3166 1361 3230 exitus
1383 3170 1429 3229 est

364 3271 487 3353 melior,
512 3293 606 3354 quam
629 3271 661 3335 iu
685 3269 780 3336 finem
804 3294 895 3336 suum
918 3276 1033 3337 natura
1057 3272 1199 3337 solvente
1223 3272 1342 3336 dilabi?
1366 3293 1428 3336 non

365 3379 440 3462 quia
459 3378 578 3461 aliquid
593 3378 669 3443 mali
689 3379 778 3462 <sit>
799 3379 882 3444 ictus
904 3385 937 3444 et
958 3380 1056 3444 evita
1071 3379 1256 3462 repentinus
1273 3400 1427 3458 excessus,

364 3486 422 3551 sed
446 3486 538 3569 quia“
566 3507 593 3551 e.
611 3508 641 3568 q.
659 3507 683 3550 s.
724 3487 824 3552 multo
850 3486 910 3552 erit
932 3487 1045 3552 melius
1071 3485 1331 3569 Annaeanaeque
1356 3486 1428 3551 scri·

364 3592 460 3658 bendi
493 3593 613 3658 rationi
648 3593 898 3676 accomodatius,
935 3595 961 3658 si
998 3615 1069 3658 cum
1104 3592 1146 3660 G.
1170 3593 1290 3659 Hessio
1320 3593 1428 3679 (curae

364 3699 562 3765 Annaeanae
586 3699 729 3764 Altonae
754 3699 803 3765 ed.
828 3722 857 3764 a.
885 3704 968 3765 1887
993 3722 1025 3782 p.
1050 3700 1105 3786 15)
1128 3706 1303 3782 reponetur
1330 3701 1428 3785 ,est“,

365 3805 453 3889 quod
475 3805 598 3872 addunt
619 3806 762 3871 nonnulli
786 3807 912 3872 codices
935 3813 1010 3890 post
1036 3806 1162 3891 „malit
1209 3806 1304 3871 aliam
1320 3827 1428 3870 sanan-

365 3913 425 3978 dae
459 3914 611 3978 orationis
645 3914 727 3979 viam
760 3914 895 3996 ingressi
930 3919 1003 3978 sunt
1038 3912 1221 3995 Madvigius
1257 3912 1328 3977 adr.
1360 3913 1428 3978 erit.

363 4020 400 4084 Π
426 4041 458 4102 p.
482 4023 547 4083 472
576 4025 672 4102 atque
701 4019 746 4085 H.
762 4018 807 4084 A.
824 4020 971 4085 Koohius
996 4019 1154 4084 observat.
1180 4020 1249 4083 crit.
1274 4019 1307 4083 in
1330 4019 1368 4085 L.
1385 4017 1428 4083 A.

365 4124 521 4192 Senecam
544 4126 745 4210 Naumburgi
776 4127 825 4192 ed.
846 4132 931 4191 1874
953 4149 985 4210 p.
1005 4132 1057 4209 20,
1089 4149 1225 4209 quorum
1255 4126 1337 4191 alter
1359 4147 1429 4210 pro·

365 4234 487 4316 posuit:
524 4235 719 4318 „coritiuet“,
744 4234 841 4299 alter:
874 4233 1070 4320 „inflicturus
1095 4234 1174 4300 est“.
1224 4233 1312 4316 quod
1334 4233 1429 4317 perti·
