3206 5208
742 465 964 526 -24„.

319 647 368 707 est
396 641 442 706 ita
468 639 593 706 vivendi
623 638 824 723 quibusdam,
861 659 926 704 non
954 640 1029 723 quia
1056 639 1176 722 aliquid
1208 641 1386 706 existiment

317 753 446 813 noctem
468 748 570 829 ipsam
593 745 712 810 habere
728 744 905 826 iucundius,
931 746 986 810 sed
1010 746 1103 829 quia“
1123 769 1150 812 e.
1168 769 1197 828 q.
1216 769 1241 812 s.
1288 748 1386 813 semel

319 875 415 920 causa
438 875 508 946 non·
525 875 601 918 vera
623 851 755 918 affertur
778 874 836 935 per
860 853 1059 918 enuntiatum
1081 854 1225 936 pendens
1242 854 1281 919 ab
1301 877 1385 939 „non

319 962 387 1043 ut“,
412 961 570 1044 particula
591 959 692 1024 finali:
718 959 749 1024 d.
772 959 824 1028 IV
841 964 893 1042 28,
920 964 957 1023 5:
986 965 1060 1045 „aut
1077 960 1247 1026 dulcedine
1260 962 1385 1027 urbani-

319 1069 396 1134 tatis
412 1067 583 1152 prolapsus
607 1073 666 1150 est,
689 1072 746 1132 aut
761 1066 838 1132 fecit
853 1067 984 1150 ahquid,
1007 1089 1073 1133 non
1089 1073 1126 1132 ut
1141 1068 1232 1133 nobis
1249 1069 1385 1150 obesset,

320 1175 377 1241 sed
400 1175 476 1258 quia
500 1175 653 1257 consequi
675 1173 763 1256 ipse“
790 1195 817 1238 e.
835 1195 865 1256 q.
882 1194 907 1237 s.

386 1282 504 1348 Restat
533 1287 570 1346 ut
600 1281 704 1347 dicam
733 1281 773 1347 de
805 1281 972 1348 enuntiato
1006 1282 1094 1366 quod
1122 1303 1231 1348 veram
1258 1305 1386 1349 causam

321 1390 465 1455 continet
493 1394 525 1455 et
552 1389 599 1454 ita
629 1389 814 1473 plerumque
841 1387 999 1454 formatur
1025 1395 1061 1454 ut
1083 1390 1221 1473 pendeat
1244 1390 1284 1455 ab
1312 1391 1386 1475 „sed

321 1497 427 1579 quia“.
473 1497 534 1560 hac
557 1496 683 1561 ratione
706 1496 740 1559 in
757 1493 899 1561 Senecae
923 1497 1049 1580 scriptis
1075 1497 1152 1580 „sed
1176 1497 1269 1579 quia“
1290 1499 1384 1562 corri-

321 1603 417 1686 gendi
445 1623 542 1668 causa
570 1602 847 1687 undequadragies
870 1603 975 1668 inveni
998 1608 1196 1685 usurpatum.
1243 1605 1386 1687 exempla

319 1709 415 1776 modo
439 1710 541 1775 attuli.
589 1710 687 1776 semel
706 1715 814 1776 autem
829 1732 905 1776 vera
920 1731 1019 1775 causa
1034 1710 1218 1792 adiungitur
1233 1732 1292 1794 per
1310 1712 1386 1795 „sed

321 1818 491 1900 quoniam“
517 1815 562 1903 (n.
588 1839 642 1900 qu.
665 1816 698 1885 V
725 1820 774 1899 17,
802 1817 850 1903 l);
881 1816 979 1881 semel
1006 1836 1064 1898 per
1095 1816 1171 1901 „sed
1194 1819 1261 1898 ut“‚
1290 1819 1387 1900 parti-

321 1925 425 1989 culam
447 1923 576 1989 finalem
600 1924 644 2011 (d.
662 1923 715 1988 ΠΙ
733 1928 764 2006 6,
787 1927 836 2004 4);
861 1922 959 1988 semel
981 1943 1040 2004 per
1066 1923 1142 2007 „sed
1158 1925 1217 1987 ne“
1244 1922 1298 2009 (de
1314 1925 1384 1990 ben.

321 2031 372 2098 VI
389 2034 440 2112 25,
469 2033 515 2116 l);
546 2031 644 2096 semel
670 2029 806 2094 infertur
828 2029 984 2094 brevitate
1007 2028 1207 2094 memorabili
1229 2052 1288 2112 per
1314 2031 1383 2115 ,66ιι

320 2138 593 2221 praepositionem
626 2157 698 2200 cum
728 2137 910 2201 accusativo
938 2136 1081 2200 iunctam
1105 2134 1150 2221 (d.
1175 2135 1245 2204 VH
1269 2142 1322 2219 26,
1353 2141 1385 2204 5:

325 2266 410 2328 „non
433 2245 508 2327 quia
531 2244 608 2325 odit,
633 2243 688 2308 sed
711 2243 744 2307 in
766 2242 992 2330 remedium“);
1017 2241 1066 2308 bis
1089 2243 1262 2307 invenimus
1289 2245 1384 2330 „sed‘

322 2356 475 2434 sequente
510 2349 675 2432 enuntiato
710 2371 769 2432 per
803 2371 836 2415 se
871 2351 991 2432 posito:
1032 2350 1063 2414 d.
1087 2349 1145 2425 IV,
1163 2353 1193 2432 5,
1227 2355 1262 2414 2:
1306 2372 1386 2435 „non

323 2458 406 2521 enim
448 2458 522 2541 quia
565 2456 690 2540 accepit
730 2456 878 2520 iniuriam
915 2461 1013 2520 nocet
1052 2455 1282 2543 (scieritas),
1332 2456 1388 2522 sed

322 2568 438 2646 parata
461 2570 519 2645 est,
550 2563 626 2628 dum
649 2568 775 2644 noceat,
800 2563 849 2627 vel
872 2562 1050 2645 accipere“.
1086 2561 1157 2631 VII
1180 2567 1213 2646 9,
1239 2567 1275 2626 2:
1312 2585 1388 2647 ,666

323 2670 398 2754 quia
426 2670 575 2753 delectat,
608 2670 725 2753 placet,
759 2668 825 2752 sed,
857 2669 884 2732 si
910 2669 1028 2753 placet,
1057 2673 1089 2734 et
1118 2668 1289 2734 delectat“.
1337 2671 1387 2735 cui

323 2777 468 2860 exemplo
501 2778 562 2842 hoc
590 2776 710 2842 addere
737 2777 825 2841 iuvat
856 2775 953 2841 etiam
980 2775 1043 2840 alia
1070 2796 1167 2841 causa
1189 2776 1313 2859 insigne
1337 2799 1387 2859 ep.

322 2905 363 2950 m.
383 2887 456 2966 106,
483 2887 518 2947 1;
546 2883 689 2968 „tardius
712 2881 854 2948 rescribo
878 2881 919 2947 ad
943 2881 1095 2964 epistulas
1119 2886 1200 2964 tuas
1224 2902 1291 2948 non
1315 2883 1389 2966 quia

323 2988 487 3054 districtus
512 2989 776 3073 occupationibus
800 3011 883 3054 sum:
900 3026 943 3035 -
965 2989 1048 3054 hanc
1065 2989 1388 3054 excusationemcave

323 3098 448 3163 audias:
477 3119 554 3164 vaco
580 3104 612 3162 et
635 3118 744 3163 omnes
767 3101 893 3178 vacant,
918 3096 972 3180 qui
994 3095 1112 3161 volunt.
1158 3096 1316 3161 neminem
1338 3117 1389 3161 res

324 3210 509 3287 sequuntur.
556 3205 617 3288 ipsi
647 3205 718 3269 illas
751 3204 975 3286 amplexantur
1005 3207 1037 3266 et
1069 3208 1290 3286 argumentum
1321 3224 1389 3267 esse

323 3311 485 3376 felicitatis
510 3311 753 3395 occupationem
776 3315 906 3394 putant:
934 3348 972 3355 —-
998 3309 1074 3392 quid
1099 3330 1173 3393 ergo
1197 3307 1266 3390 fuit,
1292 3331 1389 3392 quare

324 3440 390 3485 non
412 3419 558 3502 protinus
582 3418 793 3484 rescriberem
817 3419 855 3500 ei,
880 3417 919 3483 de
940 3439 1003 3500 quo
1022 3416 1221 3499 quaerebas?
1244 3416 1390 3482 veniebat

323 3527 356 3590 in
379 3531 564 3591 contextum
588 3526 693 3609 operis
716 3525 810 3590 meib
851 3509 1028 3607 'postquam
1050 3523 1150 3606 igitur
1173 3544 1301 3587 causam
1324 3546 1389 3588 non

324 3653 431 3697 reram
454 3632 562 3698 attulit
586 3633 724 3715 scriptor
754 3652 839 3716 ,666
862 3631 938 3713 quia
962 3678 1021 3696 ...
1054 3631 1155 3712 sum“‚
1185 3630 1390 3712 parenthesin

324 3739 487 3803 interserit
502 3738 692 3821 longiorem.
728 3759 791 3821 qua
807 3736 849 3802 ad
864 3735 960 3802 finem
975 3736 1132 3820 perducta
1147 3735 1252 3800 denuo
1266 3735 1391 3819 quaerit

327 3844 424 3929 „quid
447 3865 524 3928 ergo
548 3843 608 3909 fuit
634 3894 640 3907 .
667 3893 674 3908 .
701 3893 707 3908 .
733 3843 928 3927 6616666666α
962 3848 994 3908 et
1016 3863 1101 3907 nunc
1125 3841 1252 3906 demum
1275 3843 1391 3907 iustam

326 3973 455 4017 causam
478 3952 568 4016 addit
590 3973 760 4034 veramque
783 3972 842 4034 per
868 3949 1056 4033 „veniebat
1072 3996 1101 4013 ..
1125 3949 1219 4013 mei“.

393 4057 641 4141 Coniunguntur
665 4080 740 4140 ergo
765 4063 801 4121 ut
821 4057 961 4122 breviter
977 4077 1058 4139 quae
1075 4076 1173 4139 snpra
1189 4055 1391 4138 exposuimus

327 4164 590 4249 complectamur:
