3206 5208
585 531 803 592 ...47-

164 708 288 793 ,habeo
313 708 419 792 quod“
446 729 572 790 semper
601 707 803 791 excipiuntur
830 707 1046 790 coniunctivo,
1077 707 1173 772 etiam
1197 705 1228 771 d.

161 817 197 879 X
223 820 251 898 l,
279 820 308 898 l,
341 816 395 880 ubi
422 817 449 880 si
476 821 563 880 recte
593 838 627 881 se
654 815 788 880 haberet
815 814 970 880 librorum
995 816 1164 898 scriptura,
1197 816 1230 880 in

161 923 275 988 eodem
307 924 473 988 enuntiato
501 944 522 987 a
548 922 645 987 verbo
679 923 871 1008 ,conqueri“
907 923 1063 1005 penderet
1092 922 1229 1006 primum

159 1030 357 1112 indicativus,
383 1030 498 1095 deinde
518 1031 747 1094 coniunctivus.
786 1035 821 1094 at
837 1035 923 1094 recte
940 1028 1088 1094 Gertzius
1104 1029 1228 1114 Paulyo

159 1145 334 1219 praeeunte
363 1138 507 1223 (erelrr.
532 1143 561 1218 f.
590 1148 691 1202 cestr.
721 1140 836 1220 Gyaro.
870 1141 953 1200 1876
985 1158 1018 1219 p.
1043 1140 1120 1214 813)
1155 1157 1228 1200 con-

159 1244 332 1308 iunctivum
361 1244 511 1309 restituit.
558 1243 726 1325 legendum
758 1248 821 1309 est:
856 1241 984 1328 „Maior
1010 1265 1085 1326 pars
1108 1247 1228 1308 morta·

159 1351 246 1433 lium,
271 1351 414 1432 Pauline,
446 1352 485 1416 de
509 1356 642 1416 naturae
665 1351 864 1432 malignitate
888 1351 1107 1433 conqueritur,
1141 1351 1229 1433 quod

159 1459 191 1521 in
221 1459 369 1540 exiguum
397 1459 465 1523 aevi
493 1459 661 1540 giguumur
689 1458 795 1542 (codd.
820 1457 1003 1543 gignimur),
1037 1457 1123 1540 quod
1149 1457 1228 1521 haec

159 1572 226 1629 tam
250 1566 413 1648 velociter,
437 1571 503 1630 tam
527 1565 639 1649 rapide
662 1566 731 1630 dati
753 1564 846 1630 nobis
869 1565 1022 1648 temporis
1046 1565 1151 1647 spatia
1174 1565 1227 1630 de-

160 1676 322 1738 currant“.

657 1849 730 1934 §3.

576 2025 816 2110 Quoniam.

231 2203 429 2289 „Quoniam“
474 2204 665 2287 particulam
705 2204 886 2287 septuagies
924 2209 975 2268 ter
1012 2204 1044 2267 in
1083 2201 1225 2269 Senecae

160 2312 288 2394 scriptis
311 2312 486 2376 invenimus
509 2313 712 2394 iunctamque
729 2331 854 2394 semper
871 2332 942 2375 cum
958 2310 1141 2391 indicativo,
1165 2311 1226 2375 nisi

161 2419 249 2501 quod
274 2419 372 2484 semel
396 2418 435 2482 de
451 2417 523 2482 ben.
538 2417 590 2486 IV
607 2424 637 2500 8,
664 2423 682 2481 3
706 2419 839 2500 ponitur
855 2417 1084 2500 coniunctivus,
1108 2418 1228 2501 dequo

159 2526 242 2590 infra
264 2525 411 2591 monebo,

228 2631 427 2716 significatio
460 2632 638 2715 particulae
671 2632 861 2717 ,quoniam“
892 2632 939 2710 (z
967 2653 1062 2714 quom
1095 2633 1158 2697 iam
1187 2633 1227 2696 cf.

160 2739 374 2804 Schmalzium
396 2740 417 2804 l.
443 2761 471 2803 o.
495 2739 514 2825 ξ
539 2739 618 2826 276)
647 2745 683 2803 ut
711 2739 798 2821 apud
821 2738 961 2823 reliquos
985 2740 1158 2822 scriptores
1182 2741 1227 2804 sic

160 2849 246 2930 apud
270 2845 425 2911 Senecam
458 2868 496 2911 ea
524 2851 588 2928 est,
623 2850 660 2909 ut
688 2845 802 2911 afferat
831 2867 959 2911 oausam
984 2846 1139 2928 aliquam,
1171 2846 1229 2910 sed

160 2975 290 3018 oausam
321 2953 478 3036 omnibus,
508 2952 559 3016 vel
587 2952 698 3017 saltem
724 2953 779 3033 eia,
812 2951 1000 3036 quibuscum
1025 2952 1228 3036 colloqueris,

159 3061 237 3124 satis
268 3061 431 3142 cognitam
458 3059 507 3124 vel
534 3079 719 3124 concessam
747 3079 893 3142 quaeque
922 3059 963 3124 ad
987 3059 1143 3124 enuntiati
1165 3062 1227 3143 pri-

160 3168 251 3232 marii
279 3168 438 3232 actionem
467 3167 648 3231 accuratius
676 3166 909 3248 explanandam
931 3167 1101 3248 pertineat.
1147 3165 1229 3231 hanc

160 3279 267 3339 autem
297 3295 366 3338 esse
394 3273 602 3357 principalem
626 3273 718 3337 huius
742 3273 917 3357 particulae
940 3275 1003 3336 vim
1028 3279 1116 3338 recte
1141 3295 1225 3338 com-

159 3380 279 3463 probat
307 3380 492 3463 Draegerus
524 3402 653 3464 quoque
682 3380 700 3445 l.
727 3402 754 3444 c.
779 3379 798 3464 ξ
824 3384 898 3444 532.
952 3385 1063 3444 nostro
1095 3380 1227 3444 dicimus

160 3509 323 3553 sermone:
351 3488 413 3570 ,da
436 3509 500 3551 nun
525 3487 673 3568 einmal“,
701 3487 762 3572 „da
780 3487 846 3570 ja“,
875 3486 936 3571 ,da
959 3487 1227 3568 zugestandener·

160 3597 319 3659 massen“.
365 3616 447 3677 quae
475 3596 559 3658 ratio
584 3600 620 3658 ut
643 3595 726 3658 clare
750 3593 884 3676 patefiat
906 3595 937 3656 in
962 3592 1112 3676 Annaeo,
1142 3595 1229 3658 iuvat

161 3700 323 3784 proficisci
347 3702 388 3766 ab
405 3723 454 3784 ep.
472 3723 513 3765 m.
533 3707 563 3782 6,
590 3706 624 3764 7:
658 3702 803 3786 „interim
827 3702 977 3783 quoniam
1001 3700 1147 3766 diurnam
1170 3701 1228 3765 tibi

160 3809 375 3873 mercedulam
405 3807 517 3891 debeo,
549 3803 625 3891 quid
649 3830 698 3872 me
721 3807 817 3872 hodie
841 3807 926 3890 apud
949 3807 1152 3872 Hecatonem
1177 3807 1228 3873 de-

160 3916 340 3997 lectaverit,
381 3915 517 3979 dicam“.
571 3915 739 3980 manifesto
775 3915 858 3980 enim
893 3915 955 3979 hoc
989 3915 1062 3980 loco
1097 3917 1229 3998 respicit

161 4024 301 4105 scriptor
323 4044 390 4086 rem
407 4021 542 4102 Lucilio,
568 4022 607 4086 ad
633 4043 726 4104 quem
751 4021 847 4086 datae
868 4026 943 4086 sunt
958 4022 1124 4104 epistulae,
1148 4023 1228 4087 bene

160 4135 369 4212 compertam.
416 4130 534 4194 cotidie
551 4129 633 4193 enim
650 4129 794 4212 epistulis
811 4128 876 4193 suis
892 4128 956 4194 tale
972 4129 1120 4193 lucellum
1137 4130 1228 4194 addit

160 4259 200 4302 ex
230 4236 429 4318 Stoicorum,
465 4237 697 4318 Epicureorum
730 4237 928 4319 aliorumque
962 4236 1225 4319 philosophorum
