3206 5208
595 585 815 645 ...19-

171 759 316 822 futurum
333 765 390 839 est,
409 759 484 841 quia
498 758 640 822 futurum
657 761 738 824 est“.
763 761 860 824 semel
879 759 990 846 ,ill0“:
1019 783 1069 844 ep.
1082 784 1123 826 m.
1138 765 1190 844 33,
1205 766 1238 825 2:

173 866 252 949 „sed
267 867 321 930 illo
337 867 439 947 magis
455 865 661 948 adnotantur,
675 867 750 950 quia
764 888 858 933 rarae
873 868 1001 933 interim
1015 869 1239 950 interveniunt,

172 974 248 1056 quia
263 973 475 1056 insperatae.“
510 974 566 1039 sed
582 974 644 1039 hoc
662 974 839 1057 exemplum
855 975 962 1058 aptius
978 974 1241 1041 adnumerabitur

172 1080 219 1144 eis
244 1079 358 1163 quibus

240 1187 270 1273 f)
294 1187 516 1253 correlativum
535 1189 613 1272 ,eo“
631 1188 797 1272 praecedit
821 1209 891 1253 cum
909 1189 1009 1272 gradu
1027 1190 1241 1274 comparativo

175 1296 343 1361 sociatum.
387 1318 444 1380 ,eo
461 1297 581 1377 magis“
607 1296 744 1361 recurrit
767 1297 800 1361 in
823 1295 871 1360 his
892 1297 989 1362 loeis:
1015 1295 1045 1363 d.
1063 1298 1116 1362 IX
1135 1302 1186 1380 11,
1206 1301 1239 1378 53

173 1402 214 1466 de
237 1402 308 1468 ben.
333 1403 351 1466 I
378 1407 428 1483 12,
456 1407 489 1484 1,
522 1403 572 1470 VI
597 1408 649 1485 29,
675 1409 708 1484 23
743 1427 774 1467 n.
800 1425 852 1486 qu.
876 1404 926 1472 IV
948 1403 1050 1488 praef.
1071 1409 1127 1488 123
1161 1405 1240 1470 alius

174 1510 408 1593 comparativus
432 1509 566 1593 legitur:
592 1510 631 1574 de
655 1510 726 1574 ben.
751 1511 819 1578 VH
846 1514 897 1592 16,
921 1514 958 1594 43
983 1533 1033 1596 ep.
1057 1534 1099 1580 m.
1125 1515 1178 1594 55,
1204 1515 1240 1593 13

174 1622 227 1699 so,
253 1622 282 1680 0.

240 1722 344 1788 Paulo
376 1723 490 1787 deinde
521 1722 641 1787 diutius
670 1744 832 1789 versemur
861 1745 991 1790 necesse
1016 1725 1077 1790 erit
1099 1725 1131 1788 in
1157 1747 1242 1808 „non

175 1830 250 1910 quia
369 1829 424 1893 sed
460 1830 554 1910 quia“
591 1828 731 1894 formula
765 1830 946 1895 tractanda.
986 1831 1102 1895 etenim
1139 1832 1241 1895 oritur

174 1936 302 2000 maioris
324 1937 477 2000 momenti
502 1937 657 2018 quaestio,
689 1957 784 2019 quam
815 1958 897 2019 quae
919 1937 1018 2002 verbo
1042 1938 1146 2019 possit
1169 1958 1241 2020 pro-

174 2041 287 2124 fligari.
316 2043 431 2106 mirum
455 2043 539 2106 enim
562 2043 650 2126 quod
673 2048 847 2126 usurpatur
872 2064 954 2126 ,non
971 2044 1065 2125 quia“
1090 2044 1142 2108 hic
1163 2043 1241 2108 indi-

175 2149 279 2213 cativo
302 2150 410 2228 modo,
441 2149 504 2212 11110
529 2150 729 2214 coniunctivo
759 2156 920 2232 sequente,
954 2152 980 2213 si
1011 2171 1108 2215 causa
1135 2151 1242 2233 aliqua

174 2254 305 2320 subesse
328 2261 463 2338 negatur
487 2276 624 2338 veraque
652 2257 685 2320 in
714 2256 780 2320 eius
808 2257 915 2320 locum
944 2256 1157 2321 substituitur.
1203 2277 1241 2320 ac

175 2363 214 2426 de
230 2362 336 2442 modo,
362 2362 416 2444 qui
439 2362 537 2426 verba
562 2385 646 2445 ,uon
670 2363 794 2444 quia..
813 2363 841 2428 .“
876 2369 1039 2445 sequatur,
1063 2364 1146 2427 hanc
1166 2385 1240 2445 pro·

174 2469 248 2532 tulit
263 2469 417 2533 Reussius
441 2468 476 2553 (1.
495 2491 521 2532 0.
539 2491 571 2550 p.
591 2473 644 2552 14)
670 2468 940 2535 observationem:
969 2471 1014 2555 „si
1037 2470 1119 2534 enim
1135 2470 1242 2552 aliqua

174 2597 236 2656 reS,
262 2597 343 2658 quae
363 2597 423 2658 per
445 2597 479 2639 se
502 2563 587 2640 iusta
610 2598 648 2640 ac
671 2598 746 2640 vera
769 2576 818 2640 vel
842 2581 890 2642 est
913 2576 962 2641 vel
985 2582 1073 2641 certe
1096 2576 1240 2659 habetur,

174 2703 272 2746 causa
295 2682 427 2746 alieuius
450 2684 497 2747 rei
521 2703 590 2747 osse
619 2689 765 2766 negatur,
795 2684 983 2748 indicativus
1012 2683 1081 2769 (sel.
1107 2689 1242 2765 excepta

175 2790 319 2854 oratione
351 2788 505 2875 obliqua),
537 2791 584 2853 sin
613 2798 721 2854 autem
749 2790 868 2872 aliquid
895 2795 1020 2854 tantum
1049 2791 1181 2872 cogitati
1210 2796 1242 2856 et

175 2897 265 2978 quasi
294 2917 352 2978 per
383 2897 600 2960 coniecturam
628 2897 757 2978 inventi,
790 2897 1008 2961 coniunctivus
1041 2897 1240 2962 adhibendus

174 3005 255 3067 est“.
290 3004 399 3084 quaeri
421 3003 519 3084 igitur
543 3003 650 3085 refert,
675 3025 750 3068 num
774 3003 901 3068 Reussii
924 3004 975 3068 lex
999 3001 1141 3068 Senecae
1166 3024 1241 3086 quo-

174 3130 235 3191 que
259 3110 483 3174 consuetudini
507 3111 685 3174 conveniat.
726 3109 812 3192 quod
842 3115 878 3173 ut
907 3110 1044 3174 dilucide
1073 3110 1242 3174 diiudicari

173 3217 285 3299 possit,
308 3217 378 3299 ipsa
400 3217 631 3299 perlustremus
655 3217 799 3300 exempla
824 3222 971 3298 oportet:

240 3324 272 3406 a)
302 3323 508 3387 indicativum
541 3330 617 3408 post
655 3346 737 3408 „non
767 3325 860 3407 quia“
890 3325 1070 3390 notavimus
1100 3323 1239 3388 undetri-

174 3429 238 3492 cies
248 3430 281 3514 ¹).
312 3435 408 3512 atque
432 3436 468 3493 ut
491 3429 732 3513 proficiscamur
755 3431 796 3496 ab
820 3452 870 3514 cp.
887 3453 928 3495 m.
953 3436 1007 3512 87,
1026 3435 1081 3494 26:
1109 3431 1241 3516 ,eodem

171 3535 269 3601 modo
295 3558 333 3601 ex
357 3536 523 3619 sacrilegio
548 3537 672 3601 lucrum
694 3535 742 3619 fit,
771 3559 836 3602 uon
866 3539 940 3619 quia
969 3542 1063 3619 turpe
1087 3542 1120 3601 et
1144 3538 1241 3603 scele-

172 3647 278 3705 ratum
302 3647 352 3706 est
375 3643 585 3726 sacrilegium,
610 3643 666 3708 sed
691 3645 766 3726 quia
788 3649 820 3708 et
843 3645 967 3708 lucrum
989 3643 1119 3724 habet“,
1145 3664 1241 3726 quam

173 3770 266 3812 suum
288 3754 397 3813 teneat
420 3749 525 3813 locum
547 3750 735 3815 indicativus
751 3749 954 3815 manifestum
971 3755 1029 3814 est.
1054 3773 1128 3815 nam
1145 3752 1240 3815 sacri-

172 3855 290 3937 legium
314 3861 407 3938 turpe
431 3877 506 3920 sane
531 3862 564 3920 et
587 3857 777 3920 sceleratum
805 3862 864 3938 cst,
897 3858 952 3922 sed
980 3879 1045 3921 non
1067 3856 1142 3921 ideo
1166 3858 1241 3940 quia

172 3968 266 4045 turpe
295 3969 328 4027 et
356 3963 546 4028 sceleratum
575 3969 633 4044 est,
666 3965 762 4028 etiam
789 3965 914 4028 lucrum
943 3964 1088 4046 praebet.
1122 3986 1239 4047 epm.

246 4122 264 4187 ι1
284 4142 340 4176 non
358 4123 411 4177 huc
430 4128 557 4192 spectant
575 4124 636 4190 lori,
657 4125 703 4177 ubi
716 4125 817 4193 legitur
838 4143 908 4190 „non
921 4128 1028 4178 tautum
1047 4126 1125 4194 quia“
1147 4131 1177 4178 ut
1196 4144 1239 4194 op.

172 4230 209 4267 m.
228 4213 269 4274 78,
291 4214 335 4264 16:
367 4230 432 4277 ,nec
452 4217 559 4266 tantum
579 4213 641 4280 quia
660 4217 792 4282 pugnant,
813 4214 866 4266 ista
886 4214 1035 4281 patiuntur,
1055 4215 1104 4268 sed
1123 4219 1154 4267 ut
1173 4233 1239 4285 pug-

172 4303 265 4352 neut“.

1043 4405 1080 4460 ᾗ*
