3206 5208
575 592 796 652 ..15-

152 769 292 834 orationi
307 767 399 833 valde
415 787 484 832 esse
499 765 689 832 familiarem
699 765 884 849 Draegerus
900 764 1079 832 observavit
1094 763 1219 850 „Tacit

153 874 264 960 Synt.“
289 873 401 961 §233‚
425 873 511 957 apud
528 871 684 940 Senecam
706 871 932 958 philosophum
955 872 979 938 01
1007 871 1121 956 ,001011
1148 892 1221 937 con-

151 982 346 1047 iunctionem
369 981 547 1063 respexeris
570 979 679 1046 novies
702 979 832 1063 legitur:
860 979 994 1063 „deinde
1011 979 1104 1062 quia“
1129 999 1220 1062 prae-

154 1089 288 1154 cedente
317 1087 506 1153 substantivi
536 1087 677 1154 ablativo
706 1109 738 1152 n.
763 1108 816 1170 qu.
840 1086 876 1152 Π
901 1089 954 1168 10,
978 1089 1014 1150 3:
1050 1085 1221 1172 „inferiora

154 1217 282 1278 quoque
302 1201 416 1278 tepent
431 1195 566 1279 primum
582 1201 741 1260 terrarum
756 1193 869 1276 halitu,
893 1193 948 1277 qui
963 1193 1096 1258 multum
1113 1213 1221 1260 secum

154 1303 249 1367 calidi
272 1302 388 1385 adfert,
421 1302 535 1368 deinde
560 1303 634 1386 quia
656 1301 739 1368 radii
761 1301 837 1368 solis
860 1300 1076 1384 replicantur“
1101 1322 1129 1367 e.
1146 1324 1178 1385 q.
1195 1321 1220 1366 0.

156 1411 233 1493 „sed
261 1410 355 1493 quial
391 1431 520 1475 causam
550 1410 695 1494 negative
728 1429 912 1492 expressam
939 1409 1071 1492 corrigit
1103 1409 1135 1474 (1.
1166 1409 1222 1474 ΠΙ

155 1521 185 1598 9,
210 1520 248 1580 4:
286 1537 379 1601 „nam
415 1518 443 1582 si
474 1517 544 1600 quis
574 1537 711 1600 poenam
744 1517 842 1599 exigit
872 1536 935 1580 non
967 1515 1066 1599 ipsius
1097 1537 1221 1600 poenae

154 1623 275 1704 avidus,
306 1624 363 1690 sed
387 1625 462 1707 quia
488 1630 628 1709 oportet,
660 1645 723 1688 non
747 1628 796 1690 est
818 1623 1075 1689 adnumerandus
1098 1623 1220 1688 11011011.

154 1729 185 1794 (1.
210 1729 266 1794 ΙΧ
286 1733 336 1812 17,
360 1736 397 1794 8:
426 1729 606 1816 „Liberque
629 1749 693 1796 non
717 1730 759 1796 ob
782 1729 941 1795 licentium
965 1728 1091 1812 linguae
1116 1730 1221 1795 dictus

156 1842 205 1901 est
228 1837 374 1902 inventor
397 1837 469 1918 vini,
495 1838 552 1903 sed
575 1838 668 1921 quia“
696 1859 724 1902 e.
741 1859 771 1920 q.
789 1857 815 1901 0.
845 1859 878 1901 n.
895 1857 948 1920 qu.
965 1835 1015 1903 VI
1032 1840 1063 1918 9,
1081 1840 1117 1900 2:
1143 1835 1222 1920 „sed

156 1965 222 2007 non
246 1943 288 2009 ob
310 1943 372 2008 hoc
395 1943 546 2026 iudicant,
575 1944 632 2009 sed
656 1943 749 2026 quia“
776 1965 804 2008 e.
828 1963 859 2025 q.
883 1963 908 2007 0.
943 1964 993 2027 ep,
1015 1965 1058 2007 m.
1084 1946 1137 2025 58,
1163 1945 1220 2006 36:

159 2072 245 2134 „non
268 2055 405 2134 propter
426 2051 531 2134 ipsum
555 2052 611 2134 (so.
637 2051 795 2137 dolorem)
820 2089 862 2096 —
886 2049 943 2114 sed
967 2050 1061 2133 quial
1088 2071 1115 2115 e.
1140 2071 1170 2132 q.
1195 2071 1220 2115 0.

157 2157 197 2222 (10
212 2157 284 2223 ben.
301 2157 353 2224 IV
372 2161 423 2240 18,
440 2161 475 2222 4;
500 2162 556 2244 „ut
569 2157 714 2242 ingratus
730 2158 853 2222 animus
869 2177 934 2221 non
950 2177 1009 2239 per
1024 2177 1058 2221 se
1074 2156 1222 2221 vitandus

157 2264 265 2326 sit-
290 2262 347 2328 sed
372 2264 463 2346 quia“
490 2285 518 2328 e.
544 2285 575 2346 q.
599 2285 625 2328 s.
650 2264 681 2328 (1.
705 2263 780 2328 ΧΠ
806 2267 834 2346 1,
861 2267 897 2327 4:
930 2285 1015 2348 „non
1037 2261 1222 2328 1161101010-

158 2370 241 2452 genii
264 2408 307 2416 —
332 2369 388 2435 sed
413 2370 505 2453 quial
533 2392 560 2436 0.
577 2392 608 2453 q.
626 2391 650 2434 s.
676 2370 715 2435 de
730 2369 804 2434 ben.
820 2370 873 2438 Vl
889 2375 942 2450 23,
960 2375 994 2434 2:
1022 2391 1100 2455 „nec
1122 2368 1221 2434 imbe-

158 2475 290 2541 cillitate
317 2482 507 2560 permanent
530 2517 572 2524 —
597 2477 655 2542 sed
685 2477 778 2559 quia“
805 2498 833 2541 e.
857 2497 888 2559 q.
912 2498 937 2541 s.
968 2476 1018 2542 bis
1047 2475 1222 2559 deprehen-

157 2583 260 2647 dimus
287 2584 441 2668 „primum
459 2584 552 2666 quial
571 2583 724 2666 sequente
740 2583 907 2648 enuntiato
925 2582 1011 2665 quod
1027 2584 1076 2648 sui
1092 2582 1222 2666 quidem

156 2690 233 2753 iuris
268 2695 335 2770 est,
369 2689 425 2756 sed
456 2712 529 2755 oum
561 2691 723 2775 prioribus
755 2712 814 2773 per
847 2690 1001 2777 ,(1θί11ᾱο11
1035 2690 1221 2756 cohaerens.

157 2816 207 2878 ep.
231 2817 272 2859 m.
299 2800 351 2878 69,
378 2801 412 2860 l:
449 2802 593 2881 „mutare
625 2803 658 2861 te
691 2797 763 2862 loca
798 2802 830 2861 01
864 2796 991 2862 aliunde
1023 2797 1085 2862 alio
1117 2803 1221 2864 trans-

158 2901 243 2966 siliro
265 2901 358 2967 nolo:
382 2904 519 2987 primum
542 2905 615 2987 quia
639 2909 707 2968 tam
728 2903 878 2986 frequens
900 2904 1050 2987 migratio
1066 2904 1222 2970 instabilis

158 3009 254 3073 animi
289 3014 348 3074 est.
385 3011 498 3076 deinde
528 3012 698 3094 plurimum
732 3010 872 3076 remedia
906 3012 1094 3078 continuata
1127 3010 1223 3094 proli-

158 3117 278 3182 ciuntl.
311 3139 361 3200 ep.
392 3103 435 3183 m.
467 3125 520 3201 67,
553 3123 589 3183 6;
624 3140 705 3205 „ego
736 3118 901 3184 dissentio.
933 3119 1055 3202 quare?
1085 3119 1222 3202 primum

159 3226 233 3307 quia
262 3225 332 3290 fieri
361 3247 425 3291 non
455 3232 576 3310 potest,
607 3232 645 3291 ut
675 3227 783 3309 aliqua
811 3247 864 3291 res
894 3227 982 3293 bona
1012 3227 1141 3310 quidem
1171 3227 1223 3310 sit,

158 3332 215 3396 sed
235 3332 385 3417 optabilis
405 3355 470 3399 non
490 3335 541 3399 011.
564 3333 678 3399 deinde
699 3334 725 3398 si
740 3335 839 3398 virtus
856 3333 1006 3416 optabilis
1023 3339 1081 3410 est,
1101 3332 1223 3399 nullum

158 3444 266 3505 autem
293 3440 361 3505 sine
388 3441 505 3506 virtute
533 3441 654 3507 bonum
683 3445 745 3522 est,
779 3462 872 3506 omne
900 3440 1020 3507 bonum
1048 3440 1220 3525 optabile.“

158 3547 191 3609 in
221 3546 348 3630 „quod“
379 3547 611 3612 coniunctionis
639 3567 708 3629 usu,
737 3553 774 3610 ut
800 3547 862 3612 hoc
886 3549 994 3612 statim
1018 3547 1224 3631 comparandi

159 3672 256 3740 causa
278 3652 459 3736 adiungam,
482 3653 664 3719 liberiorem
685 3653 769 3718 hanc
791 3654 951 3719 rationem
974 3653 1072 3718 semel
1097 3658 1223 3718 tantum

158 3760 295 3842 repperi.
969 3835 972 3843 y

247 3865 361 3931 Latius
377 3871 469 3949 patet
483 3867 510 3930 is
527 3888 614 3950 usus,
630 3887 693 3949 quo
708 3866 867 3949 particula
892 3866 1005 3953 „quial
1024 3866 1223 3932 enuntiatum

159 3972 284 4038 causale
307 3973 514 4038 introducens
537 3973 579 4038 ad
604 3974 830 4057 praecedentia
853 3973 992 4039 refertur
1016 3973 1222 4039 correlative:

158 4080 192 4166 a)
217 4080 424 4163 quinquagies
452 4085 503 4144 ter
531 4079 690 4163 particula
722 4081 836 4164 „quia“
867 4086 994 4163 spectat
1022 4080 1223 4146 010011010-

158 4187 258 4251 tivum
282 4187 407 4272 ,1(10011.
452 4192 490 4251 ut
513 4188 637 4271 aliquot
660 4187 774 4253 saltem
796 4187 887 4253 locos
911 4187 1100 4253 exscribam:
1130 4188 1161 4252 (1.
1185 4186 1222 4252 Χ

162 4297 213 4375 16,
231 4298 267 4357 2:
294 4299 452 4377 „mortem
475 4315 570 4376 saepe
594 4295 668 4360 ideo
693 4299 817 4377 optant,
842 4294 918 4377 quia
932 4295 1078 4358 1101011111.
1104 4294 1134 4358 d.
1147 4294 1224 4357 XII
