3206 5208
385 1087 563 1186 INDEX
597 1088 1004 1190 GRAMMATIOVS

160 1449 301 1519 anaphora
319 1449 362 1502 29.
381 1450 423 1503 30.
442 1449 477 1502 44
720 1447 799 1516 quia
817 1450 878 1502 788.

159 1539 311 1608 asyndeton
331 1539 363 1592 17
754 1537 821 1605 qaia
856 1541 963 1606 spectat
997 1540 1032 1593 ad
1063 1541 1226 1598 correlative

157 1629 279 1683 brevitas
299 1626 333 1680 50
828 1628 860 1680 15
874 1645 907 1680 88.

158 1735 240 1772 58588
258 1715 338 1770 realis
357 1715 383 1770 8.
402 1714 436 1770 38
791 1730 821 1769 eo
838 1717 925 1786 mania
938 1756 944 1770 .
956 1756 980 1770 ..
1000 1720 1068 1784 quio
1088 1720 1121 1772 19

158 1823 239 1861 causa
256 1821 369 1858 movens
388 1804 413 1857 8.
433 1803 467 1858 38
788 1803 839 1858 hoc
856 1805 935 1874 ipso.
951 1846 976 1859 ..
997 1808 1063 1874 quia
1084 1809 1144 1861 18s.

157 1894 303 1949 collocatio
322 1893 469 1946 verborum
488 1889 664 1946 artificiosior
789 1893 850 1947 ideo
937 1896 1002 1964 quia
1023 1896 1055 1948 15
1068 1914 1088 1948 8.

191 1985 258 2037 538.
788 1982 1224 2054 nonobalind...quamqnio18

156 2072 345 2126 coniunctivus
360 2073 425 2140 pout
442 2087 497 2124 non
515 2071 581 2140 qnia
599 2069 662 2124 238.
787 2085 843 2124 non
858 2071 891 2125 ob
907 2071 993 2127 oliam
1009 2089 1129 2139 canaam,
1143 2093 1224 2144 qnam

155 2158 663 2228 coniunctivuspontvorbauffectunm
858 2161 926 2228 qaia
945 2162 978 2214 18

189 2251 269 2303 4188.
787 2249 820 2303 55
839 2249 888 2303 toc
974 2252 1039 2320 quio
1059 2252 1092 2304 18

155 2339 344 2394 coniunctivus
353 2341 418 2405 post
427 2337 512 2392 verba
522 2336 661 2404 laudandi,
786 2339 818 2392 ob
836 2339 886 2394 hoc
902 2340 994 2406 ipsam
1014 2379 1061 2392 ...
1082 2345 1149 2410 quio
1168 2342 1202 2394 18

189 2425 409 2496 reprehendendi
427 2428 462 2479 44
786 2428 818 2481 ob
848 2427 950 2482 nullam
985 2428 1068 2482 uliam
1102 2445 1222 2497 canaam,

153 2516 343 2571 coniunctivua
369 2521 433 2583 post
455 2515 572 2570 verbum
600 2531 659 2571 con·
857 2517 1022 2585 quamquain
1042 2518 1075 2569 18

188 2607 265 2675 queri
284 2604 428 2658 restitutus
445 2605 481 2657 47
749 2618 805 2657 non
823 2607 890 2674 quia
974 2605 1021 2660 aed
1039 2607 1107 2675 quia
1127 2607 1204 2662 1988.

152 2693 340 2748 coniunctivua
365 2697 430 2761 pout
448 2709 501 2748 non
521 2699 560 2748 eat
579 2694 659 2761 qnod,
749 2708 804 2746 non
822 2693 888 2762 qaia
975 2693 1022 2748 aed
1045 2696 1111 2762 quic
1197 2701 1222 2752 et

186 2783 661 2851 185655555555165815556448.
821 2788 852 2836 nt
870 2782 903 2834 21

151 2871 340 2927 coniunctivua
363 2874 428 2939 poet
450 2887 505 2926 non
528 2873 599 2939 quod
625 2873 661 2926 45
749 2886 804 2924 noa
823 2870 889 2938 qaia
908 2871 1020 2932 ...aed
1038 2873 1073 2924 94

150 2960 340 3016 coniunctivua
358 2963 423 3028 post
441 2961 572 3028 quoniam
589 2962 625 3014 54
749 2974 805 3014 non
823 2960 890 3031 qaia
909 3002 914 3014 .
930 3002 956 3017 ..
975 2960 1072 3016 aedat
1090 2963 1126 3014 24

150 3049 315 3104 correlative
330 3050 403 3102 1688.
417 3048 492 3103 2988.
510 3051 544 3102 39
551 3067 585 3106 88,
599 3050 659 3104 598.
749 3065 805 3103 non
823 3049 891 3118 qnia
909 3090 915 3104 .
930 3088 957 3104 ..
976 3050 1024 3104 aed
1041 3067 1074 3104 ne
1093 3052 1128 3103 24

150 3138 314 3193 correlativa
332 3137 432 3191 omissa
451 3139 529 3192 3988.
750 3152 805 3192 non
823 3138 892 3204 quia
910 3178 916 3191 .
932 3177 958 3193 ..
976 3139 1024 3193 sed
1042 3140 1072 3192 a'n
1092 3179 1140 3196 ...
1158 3141 1194 3194 94

148 3227 392 3281 homoeoteleuton
411 3227 445 3279 23
748 3242 802 3280 non
821 3227 889 3294 qaia
908 3265 955 3284 ...
973 3229 1021 3284 aed
1039 3229 1167 3298 quoidam
1184 3231 1221 3282 24

147 3315 273 3370 inde...
293 3316 364 3386 quod
381 3317 416 3369 39
748 3331 803 3370 non
821 3321 853 3370 at
938 3317 984 3370 ecd
1002 3318 1069 3385 quio
1087 3319 1123 3370 94

147 3404 311 3458 indicativus
336 3407 401 3472 post
418 3421 473 3459 non
490 3405 557 3474 quia
577 3406 610 3459 19
623 3423 657 3462 ss.
748 3405 806 3458 aine
825 3407 911 3471 quia.
926 3446 932 3459 .
947 3445 953 3459 .
970 3405 1028 3461 ciue
1046 3408 1113 3474 quio
1132 3408 1166 3460 14

146 3493 311 3547 indicativus
330 3497 394 3561 post
407 3495 492 3548 verba
510 3493 657 3549 affectuum
712 3493 811 3562 quibus
830 3498 858 3548 et
875 3495 943 3563 quia
965 3494 1077 3549 confusa
1098 3498 1131 3549 13
1154 3497 1218 3557 adn,

181 3584 263 3635 4188.
711 3584 796 3652 qnod
814 3584 850 3636 25
868 3600 903 3637 88.

146 3671 311 3726 indicativus
329 3675 393 3739 post
411 3671 495 3725 verba
508 3672 654 3741 laudandi,
710 3673 796 3740 qnod
814 3672 1011 3740 explicativum
1028 3674 1063 3725 26
1076 3690 1111 3727 88.

181 3758 397 3829 reprehendendi
413 3760 449 3813 44
746 3761 917 3815 substantiva
956 3761 1129 3830 explicantur
1167 3779 1219 3831 per

32 3845 33 3904 ἶ
145 3848 309 3903 indicativus
328 3853 393 3918 post
410 3865 464 3903 non
482 3849 554 3917 qnod
574 3851 609 3903 45
633 3909 637 3918 ,
779 3853 781 3858 ’
817 3851 887 3920 quod
905 3852 970 3905 968.

32 3921 33 3930 i
146 3938 234 3992 oratio
254 3936 365 4005 obliqua
384 3937 426 3991 25.
444 3939 488 3996 44.
506 3940 550 3992 46.
570 3939 606 3992 54
745 3939 945 3994 substantivum
968 3956 1030 3993 cum
1052 3940 1215 4007 pronomine

32 4071 33 4080 ,
144 4025 318 4094 parenthesis
336 4027 372 4078 24
815 4028 992 4082 coniunctum
1001 4028 1154 4098 explicatur
1166 4046 1217 4098 por

145 4113 278 4182 quando
295 4116 374 4167 5488.
814 4117 887 4186 qnod
904 4118 939 4170 27
950 4134 970 4171 8.

32 4189 33 4194 ¹
144 4202 277 4271 qnando
295 4203 426 4271 quidem
445 4203 479 4256 56
780 4221 808 4259 eo
826 4207 935 4260 nomine
953 4248 959 4260 .
974 4246 1000 4261 ..
1020 4206 1092 4274 quod
1109 4207 1144 4259 29

32 4291 33 4300 ’
95 4285 98 4290 ’
144 4291 261 4358 qnando,
280 4306 340 4358 quo,
360 4291 424 4362 quoi
442 4290 554 4346 confusa
573 4293 608 4345 56
778 4294 826 4348 illo
844 4294 950 4348 nominc
971 4334 1017 4348 ...
1037 4295 1109 4364 qnod
1126 4295 1162 4348 28
