3206 5208
622 575 843 634 ...29-

201 770 260 832 ,66
283 749 411 814 nomine
429 749 552 832 quod“3
577 748 607 812 d.
630 747 665 811 X
692 752 744 829 20,
761 751 798 812 4:
826 747 932 831 ,nullo
949 749 1012 815 alio
1029 749 1157 814 nomine
1173 769 1269 831 quam

200 857 320 939 quod“.
345 857 424 921 haec
448 861 592 921 extrema
615 856 641 920 si
664 856 841 938 respexeris
864 854 1031 938 intelleges
1055 856 1169 939 opinor
1192 877 1269 938 quo-

198 963 297 1028 modo
322 963 547 1045 corrigendum
571 963 612 1026 sit
637 963 667 1028 d.
692 961 747 1026 IX
773 965 825 1044 10,
844 967 874 1043 2,
898 961 952 1026 ubi
976 963 1104 1027 cumin
1127 962 1160 1027 A
1183 962 1269 1045 lega-

199 1075 253 1134 tur
279 1085 360 1154 ,qua
376 1081 414 1136 61
435 1068 560 1152 6611011,
584 1075 672 1135 recte
696 1091 747 1134 me
770 1068 874 1134 iudice
897 1071 1068 1152 proposuit
1082 1070 1145 1134 ianr
1161 1069 1269 1136 Mure-

199 1181 268 1238 tus:
297 1175 402 1260 ,nullo
424 1176 536 1241 melius
552 1177 678 1242 nomine
703 1175 742 1241 de
762 1176 855 1243 uobis
878 1182 994 1242 natura
1009 1177 1135 1258 meruit,
1160 1199 1270 1259 quam

201 1281 406 1365 quodcum
434 1284 540 1366 sciret,
571 1284 685 1367 quibus
714 1284 874 1348 aerumnis
898 1305 1111 1364 nasceremur,
1143 1283 1269 1349 calami-

200 1395 304 1454 tatum
326 1390 556 1456 mollimentum
583 1391 847 1457 consuetudinem
870 1391 1007 1456 invenit“
1035 1413 1062 1456 6.
1088 1412 1117 1473 q.
1143 1413 1186 1474 6.,
1218 1392 1269 1457 661

201 1497 348 1578 equidem
383 1518 447 1562 non
482 1499 687 1581 praetulerim
723 1498 811 1580 quod
841 1497 974 1565 Gertzio
1006 1498 1129 1581 placuit
1166 1519 1270 1582 ,quae

201 1604 413 1669 6616661161ιι
440 1626 468 1669 e.
493 1626 524 1687 q.
549 1627 573 1670 s.

268 1707 510 1775 Substantivum
541 1732 614 1776 cum
642 1713 831 1796 pronomine
856 1712 1062 1777 coniunctum
1085 1711 1224 1794 pendere
1249 1733 1269 1776 a

200 1817 439 1900 praepositione
465 1818 543 1900 „ex“
569 1819 630 1882 hoc
654 1840 719 1883 uno
742 1818 950 1901 comprobare
965 1839 1095 1900 possum
1112 1818 1267 1900 exemplo,

201 1946 316 2008 epm.
342 1929 393 2006 29,
422 1929 452 1988 l:
491 1948 585 2010 ,raro
618 1926 661 1992 ad
692 1948 751 1991 nos
783 1927 878 2008 veuit,
911 1926 998 1991 nulla
1025 1926 1087 1990 alia
1110 1948 1149 1991 ex
1172 1947 1270 1991 causa

201 2053 297 2112 quarn
332 2031 420 2114 quod
453 2032 564 2097 audire
599 2055 708 2098 verum
742 2033 852 2097 116161α
892 2055 919 2099 e.
944 2053 974 2116 q.
1000 2055 1024 2097 s.
1050 2033 1185 2115 denique
1217 2032 1269 2097 hic

201 2137 362 2202 addantur
386 2139 449 2203 duo
474 2138 619 2222 exempla
649 2139 763 2222 quibus
786 2138 903 2220 legitur
936 2139 995 2224 ,ob
1025 2138 1144 2204 nullam
1174 2139 1266 2203 aliam

202 2266 340 2328 causam,
359 2268 454 2329 quam
472 2249 589 2330 quod“.
626 2248 807 2314 declem.1
826 2252 876 2330 10,
895 2253 929 2312 3:
949 2247 1049 2332 ,bene
1065 2247 1109 2310 illi
1125 2246 1268 2329 parentis

201 2375 317 2418 nomen
341 2355 527 2420 convenisse
549 2354 689 2419 fatemur
706 2355 747 2420 ob
764 2355 881 2420 nullam
897 2355 991 2419 aliam
1007 2375 1147 2436 causam,
1172 2373 1267 2436 quam

203 2460 291 2542 quod
319 2461 527 2526 contumelias
558 2483 685 2545 quoque
710 2483 784 2527 suas
810 2513 869 2529 ...
895 2461 982 2526 nulla
1005 2461 1194 2526 crudelitate
1219 2481 1269 2525 ex-

202 2566 417 2649 sequebatur“
436 2589 462 2634 e.
476 2587 507 2650 q.
522 2588 546 2633 s.
564 2568 603 2632 de
620 2567 693 2632 ben.
711 2567 767 2632 HI
784 2572 835 2650 32,
855 2572 892 2631 3:
919 2572 1064 2651 ,ceteros
1081 2587 1268 2631 enumerare

200 2672 330 2756 longum
361 2678 420 2756 est,
452 2674 505 2756 qui
537 2675 654 2739 durant
682 2675 722 2740 ob
746 2674 863 2740 nullam
886 2674 980 2740 aliam
1004 2695 1141 2754 causam,
1172 2694 1269 2756 quam

203 2780 311 2861 quod“
338 2801 365 2844 e.
382 2802 413 2863 q.
431 2802 456 2845 s.

268 2885 299 2971 c)
323 2884 407 2950 Arte
431 2907 503 2950 curn
527 2886 679 2969 exemplis
703 2888 798 2952 modo
822 2887 1077 2953 commemoratis
1099 2907 1137 2951 ea
1154 2885 1268 2951 cohae-

200 2998 282 3075 rent,
313 2992 368 3057 ubi
395 2994 593 3058 enuntiatum
617 2995 796 3077 particulae
824 2995 951 3081 ,66611α
977 2995 1156 3061 subiectum
1178 3013 1269 3075 prae-

201 3099 343 3165 cedentis
376 3102 574 3183 pronominis
608 3102 789 3168 correlativi
823 3103 885 3167 vim
921 3102 1044 3167 dilatat.
1084 3101 1268 3185 saepissime

200 3213 307 3272 autem
339 3207 371 3270 in
403 3209 599 3273 nominativo
631 3230 709 3274 casu
739 3211 933 3294 pronomina
955 3211 1063 3294 posita
1085 3214 1169 3277 sunt.
1193 3207 1269 3290 legi·

200 3335 270 3378 mus
297 3314 378 3398 ,hoc
396 3363 403 3378 .
423 3364 455 3379 ..
480 3316 586 3398 (16611α
613 3317 787 3383 tredecies:
822 3318 853 3382 d.
878 3318 910 3386 V
934 3322 987 3400 27,
1013 3322 1047 3381 2;
1085 3315 1218 3401 ,deinde
1243 3315 1269 3378 si

201 3427 310 3486 cetera
340 3422 489 3488 animalia
520 3423 583 3488 hoc
613 3425 679 3489 irae
712 3430 786 3490 tuae
820 3424 985 3508 subducit,
1019 3424 1105 3507 quod
1136 3421 1268 3488 consilio

201 3534 325 3611 carent,
360 3529 473 3595 eodem
507 3529 579 3595 loco
614 3531 672 3596 tibi
707 3533 764 3614 sit,
800 3532 942 3614 quisquis
978 3531 1110 3596 consilio
1147 3529 1267 3593 caret“.

201 3635 232 3699 d.
256 3635 345 3702 VHI
371 3640 399 3718 1,
424 3641 460 3718 2,
485 3636 540 3700 ΙΧ
564 3642 595 3720 2,
622 3641 680 3718 15,
707 3637 760 3701 [Χ
787 3641 836 3719 14,
861 3641 897 3719 4,
922 3637 957 3701 X
982 3643 1013 3711 9,
1039 3641 1075 3718 3,
1099 3636 1136 3700 Χ
1161 3637 1212 3716 13,
1231 3637 1267 3714 5,

200 3741 256 3806 XI
280 3747 309 3824 9,
334 3746 372 3826 4,
405 3744 444 3808 de
473 3744 564 3808 clem.
595 3745 689 3828 Ι25,
715 3749 748 3827 2,
782 3745 821 3808 (16
844 3745 917 3810 ben.
946 3745 1055 3826 1117,
1084 3747 1116 3827 1,
1152 3762 1267 3827 epm.

200 3850 254 3930 44,
282 3853 316 3932 1,
342 3854 393 3931 55,
422 3855 458 3932 7,
482 3853 536 3933 84,
562 3856 600 3933 2,
626 3855 678 3929 90,
704 3856 733 3917 2.
765 3856 926 3916 extremus
953 3850 1044 3916 locus
1075 3871 1113 3917 eo
1137 3848 1268 3932 insignis

201 3961 250 4019 est
274 3955 362 4039 quod
386 3957 483 4021 verba
509 3979 612 4041 ,nunc
636 3958 720 4022 enim
742 3958 804 4023 hoc
827 3960 860 4023 iu
881 3958 937 4023 illa
964 3959 1141 4041 pretiosum
1171 3961 1268 4038 atque

200 4062 402 4145 magnificum
429 4064 497 4128 est“
534 4065 637 4129 tribus
669 4066 820 4130 membris
843 4067 889 4130 ita
913 4066 1124 4148 excipiuntur,
1152 4071 1188 4130 ut
1218 4070 1269 4128 ter

200 4191 259 4251 per
282 4171 478 4253 anaphoram
501 4194 564 4254 qua
579 4193 781 4255 summopere
799 4173 976 4236 delectatur
992 4171 1115 4237 Seneca
1130 4176 1269 4255 ponatur

205 4278 350 4361 ,quod“:
390 4279 498 4362 ,quod
533 4299 598 4343 non
631 4279 770 4361 obvenit,
805 4278 892 4361 quod
926 4278 1012 4343 illam
1042 4278 1102 4342 sibi
1136 4279 1268 4360 quisque
