3206 5208
593 597 815 656 ..13.-

235 769 329 834 Haec
363 769 540 853 particulae
579 771 691 856 ,quiar‘
727 769 915 856 significatio
949 777 984 837 ut
1019 795 1119 856 usque
1151 775 1235 840 valet

166 878 215 941 ita
245 881 312 941 tum
343 898 471 960 quoque
498 885 607 943 manet
633 878 812 960 immutata,
846 900 917 944 cum
945 879 1134 964 ,quoniam
1160 901 1235 946 con-

166 983 338 1048 iunctionis
361 984 446 1048 vices
470 983 614 1049 obtinere
638 984 774 1048 videtur.
816 1007 889 1050 narn
912 986 1055 1070 quamvis
1078 985 1156 1052 nihil
1179 987 1235 1052 im·

166 1091 353 1174 pedimento
382 1097 468 1156 esset
498 1092 649 1175 scriptori
673 1093 843 1176 quominus
868 1094 983 1176 ,quia“
1010 1094 1235 1161 coniunctione

166 1199 336 1264 induceret
367 1220 608 1282 nonnumquam
641 1200 737 1264 otiam
771 1220 884 1266 causas
915 1200 1060 1266 omnibus
1083 1207 1178 1268 notas
1202 1207 1235 1268 et

167 1326 348 1388 concessas,
380 1312 490 1371 tamen
522 1306 697 1371 tenendum
729 1311 778 1372 est
811 1307 923 1392 „quial
950 1307 1172 1374 coniunctione
1201 1309 1233 1376 id

165 1415 296 1479 minime
319 1413 499 1498 significari.
534 1415 561 1480 si
590 1415 687 1499 igitur
711 1416 778 1481 eius
802 1417 890 1482 modi
913 1416 993 1483 locis
1019 1419 1134 1502 ,quia“
1159 1441 1233 1484 non·

166 1544 330 1605 nunquam
346 1524 482 1588 vertitur
497 1545 556 1607 per
575 1523 636 1610 ,da
647 1524 715 1608 ja“,
743 1524 805 1610 „da
820 1525 1234 1609 zugestandenennassenl,

166 1630 248 1695 haec
272 1631 317 1694 vis
341 1630 382 1695 ab
398 1631 624 1715 interpretibus
641 1653 680 1696 ex
696 1631 765 1715 ipsa
781 1652 951 1696 causarum
967 1637 1083 1697 natura
1098 1631 1234 1698 infertur

166 1758 226 1801 neo
249 1743 356 1802 tamen
380 1738 609 1804 convenienter
630 1760 725 1804 verae
745 1739 978 1804 coniunctionis
999 1739 1233 1822 significationi.

165 1844 254 1908 velut
276 1845 309 1909 in
331 1844 392 1908 hoc
416 1845 562 1928 exemplo
588 1844 618 1909 d.
635 1845 719 1927 Hs,
739 1849 770 1908 1:
799 1851 987 1931 „praeterea
1009 1847 1133 1912 iustitia
1155 1847 1233 1912 nibil

165 1952 319 2017 iniustum
350 1953 419 2036 pati
448 1957 566 2037 potest,
601 1952 765 2035 quianon
789 1957 907 2021 coeunt
930 1954 1110 2019 contraria“
1136 1975 1234 2021 causa

166 2080 248 2141 quae
277 2060 470 2144 supponitur
500 2060 595 2145 „quia
621 2081 686 2125 non
711 2067 828 2125 coeunt
851 2061 1033 2126 contraria“
1059 2082 1135 2126 sane
1158 2061 1232 2126 telis

166 2171 217 2230 est
233 2166 336 2247 qualis
351 2187 409 2249 per
427 2167 616 2249 ,quoniem“
636 2167 769 2248 exprimi
784 2168 954 2250 potuisset,
968 2166 1025 2231 sed
1042 2167 1231 2251 scriptorem

165 2273 249 2336 hanc
280 2293 395 2337 causae
425 2277 573 2337 naturam
601 2271 780 2356 significare
805 2275 1021 2357 supersedisse
1044 2273 1113 2357 ipse
1137 2273 1233 2340 docet

165 2378 312 2443 adhibita
337 2379 449 2463 ,quia“
480 2380 650 2463 particula.
696 2402 756 2445 uec
785 2380 880 2446 aliter
908 2380 947 2446 de
975 2379 1105 2463 reliquis
1137 2381 1231 2447 huius

165 2487 290 2568 generis
314 2485 466 2568 exemplis
488 2486 692 2552 iudicandum
716 2493 775 2570 est,
800 2509 934 2570 quorum
958 2488 1097 2552 numeris
1118 2487 1230 2553 saltem

166 2593 321 2676 appositis
356 2614 421 2658 non
453 2592 542 2658 nulla
573 2593 710 2658 subicio:
746 2594 777 2658 d.
800 2594 838 2659 Il
875 2598 924 2676 ll,
955 2599 989 2677 23
1024 2593 1076 2660 VI
1106 2598 1159 2677 21,
1193 2598 1230 2678 43

165 2699 235 2766 Vll
261 2703 311 2782 13,
330 2703 364 2782 53
388 2699 456 2767 Vll
482 2704 532 2781 15,
560 2705 593 2782 13
618 2700 658 2766 de
682 2700 772 2766 clem.
796 2702 834 2766 H
857 2705 940 2784 6,1;
965 2700 1229 2784 deben.Il‚8;

165 2806 238 2889 11,
266 2807 416 2890 13316,
444 2807 614 2888 131124,
642 2807 1229 2891 131113,3;11130‚1;1va,a

166 2913 256 2999 (quia
278 2934 338 2979 nec
361 2919 478 2979 natura
500 2935 528 2978 e.
546 2936 576 2997 q.
594 2915 649 3001 s.)3
683 2914 732 2983 IV
756 2919 808 2996 28,
836 2919 869 2997 13
901 2914 934 2982 V
961 2919 1048 2997 1‚2;
1082 2915 1115 2983 V
1137 2918 1169 2998 4,
1194 2920 1228 2998 23

164 3019 196 3087 V
220 3026 251 3104 8,
277 3024 311 3103 53
335 3020 368 3088 V
395 3024 444 3103 10,
472 3024 505 3103 l;
533 3020 566 3088 V
593 3025 642 3103 12,
668 3024 704 3103 ὃς
732 3020 801 3088 VH
826 3026 855 3105 3,
881 3025 916 3105 33
945 3021 1015 3090 VH
1039 3026 1070 3104 8,
1095 3025 1129 3103 23
1163 3027 1229 3086 nat.

163 3252 257 3306 vinum
275 3251 395 3318 licentia,
419 3251 516 3320 quibus
535 3249 613 3322 (quic
631 3251 672 3320 A)
692 3269 726 3307 ne
745 3252 846 3306 sobriis
866 3252 976 3321 quidem
994 3253 1085 3322 pudor
1103 3255 1160 3308 est“
1181 3253 1229 3308 ubi

163 3341 294 3396 Haasius:
317 3341 419 3410 „quia“.
457 3342 563 3410 apocal.
582 3360 611 3410 p.
625 3342 684 3408 2‘29,
702 3343 736 3394 36
754 3342 797 3396 ed.
811 3341 938 3397 Buechel.
952 3343 1056 3397 codicis
1069 3341 1089 3396 S
1103 3344 1148 3410 (=
1161 3341 1229 3397 Sau-

163 3431 303 3499 gallensis)
312 3431 395 3484 lectio
406 3433 448 3484 est
457 3432 597 3485 restituta:
613 3435 688 3495 ,tum
697 3429 825 3500 Iuppiter
834 3431 992 3499 Herculem,
1004 3431 1049 3500 qui
1061 3431 1228 3499 (Fickertusz

164 3521 238 3588 quia)
256 3525 347 3574 totum
366 3521 463 3574 orbem
480 3525 616 3574 terrarum
635 3524 826 3588 pererraverat
843 3525 871 3576 ot
883 3538 963 3576 nosse
975 3519 1122 3576 videbatur
1134 3537 1229 3574 omnes

163 3609 296 3676 nationes,
316 3610 393 3663 iubet
412 3609 467 3663 ire“
488 3626 511 3664 c.
526 3626 550 3677 q.
565 3626 585 3662 s.
606 3608 640 3662 de
657 3610 719 3662 ben.
739 3607 754 3661 I
774 3611 815 3668 12.
835 3611 852 3661 3
870 3609 943 3663 hunc
961 3609 989 3662 in
1007 3609 1119 3662 modum
1138 3626 1228 3664 ernen-

163 3698 239 3752 davit
257 3698 396 3752 Gertzius:
422 3697 475 3763 ,sit
497 3697 525 3751 in
547 3696 682 3752 beneficio
702 3715 795 3751 sensus
815 3698 974 3752 communis.
1002 3703 1118 3767 tempus,
1137 3699 1228 3752 locum

162 3786 299 3853 observet,
325 3804 466 3855 personas,
492 3787 589 3855 quibus
607 3787 754 3840 momentis
774 3804 843 3854 quae
862 3787 957 3841 damus
976 3791 1055 3857 grata
1074 3790 1103 3840 et
1120 3786 1229 3855 ingrata

162 3879 252 3929 sunt“.
289 3876 419 3930 Hessius:
451 3876 530 3944 ,quia
552 3876 699 3930 momentis
719 3877 883 3945 quaedam“;
911 3876 950 3930 N:
977 3876 1057 3945 „quia
1081 3876 1228 3930 momentis

163 3965 293 4033 quaeda“.
322 3965 356 4019 de
368 3966 430 4019 ben.
441 3965 469 4018 V
484 3967 524 4031 14,
538 3968 554 4018 2
567 3966 712 4034 probanda
724 3969 767 4020 est
779 3965 884 4020 Gertzii
897 3965 1067 4021 coniectura:
1089 3966 1143 4031 „sic
1156 3966 1227 4019 latro

162 4058 212 4121 est,
232 4055 315 4108 etiam
328 4059 475 4123 antequam
487 4072 582 4108 manus
596 4055 729 4122 inquinet,
743 4055 789 4123 qui
802 4053 861 4126 (ubi
876 4055 970 4123 ,quia“
986 4055 1047 4110 cod.
1058 4054 1096 4124 N)
1109 4054 1145 4109 ad
1157 4055 1228 4109 occi-

162 4143 281 4196 dendum
294 4143 349 4197 iam
361 4147 483 4197 arinatus
496 4147 553 4197 est“
567 4162 650 4211 e.q.s.
681 4161 724 4211 ep.
735 4162 771 4196 m.
782 4145 824 4210 66,
838 4146 872 4197 33
886 4144 1006 4198 restituit
1015 4142 1141 4197 Muretus
1154 4142 1227 4197 haud

160 4231 316 4302 refragante
335 4232 456 4286 Kochio:
488 4250 583 4301 ,pares
610 4235 702 4286 autem
721 4233 842 4287 actiones
862 4233 934 4286 inter
953 4250 982 4286 se
1001 4251 1059 4286 esso
1078 4232 1149 4299 dico,
1174 4249 1228 4299 qna

160 4321 291 4376 honestae
305 4326 383 4375 sunt¹⁴
399 4341 423 4376 e.
433 4341 459 4391 q.
470 4340 490 4375 s.
521 4322 640 4377 Haasiua
660 4322 793 4376 librorum
812 4322 960 4376 lectionem
971 4321 1099 4390 praebet:
1121 4321 1227 4389 ,quia“.
