3206 5208
789 570 1008 630 -20-

369 746 441 824 110,
471 744 525 807 15:
557 742 755 827 „contempsi
779 741 913 825 divitias,
938 766 1003 809 non
1029 742 1104 826 quia
1127 763 1353 825 supervacuae,
1378 743 1436 808 sed

367 849 442 932 qnia
464 849 596 933 pusillae
625 849 732 915 sunt“.
765 849 971 915 indicativum
1003 848 1118 915 merito
1152 850 1290 933 scriptor
1316 851 1434 933 posuit.

366 977 441 1021 nom
465 956 592 1023 divitiae
609 956 746 1039 sapienti
762 962 837 1021 sunt
853 977 1078 1040 supervacuae.
1102 957 1164 1020 hoc
1180 956 1283 1021 solum
1298 962 1437 1039 negatur

366 1061 444 1128 illud
475 1063 620 1147 ,divitias
649 1085 717 1129 esse
749 1065 981 1146 supervacuas“
1018 1084 1147 1128 oausam
1178 1083 1259 1144 esse,
1292 1084 1350 1127 cnr
1381 1085 1436 1128 eas

366 1169 508 1252 scriptor
531 1171 767 1252 contempserit.
794 1171 897 1236 eidem
919 1171 1036 1236 rationi
1059 1169 1273 1236 adscribenda
1288 1169 1436 1234 videntur

364 1275 443 1342 haec
475 1276 631 1360 exempla:
668 1276 698 1341 d.
730 1277 799 1345 VH
830 1280 888 1359 24,
926 1279 959 1341 3:
997 1281 1126 1360 ,potest
1159 1277 1268 1359 itaque
1299 1277 1435 1360 pecunia

365 1384 461 1449 etiam
494 1383 580 1449 intra
613 1384 708 1449 limen
744 1405 835 1449 suum
866 1383 1000 1450 diffundi
1031 1389 1063 1450 et
1091 1384 1317 1450 liberalitatem
1347 1406 1434 1450 exer-

365 1513 448 1574 cere,
479 1513 560 1574 quae
593 1513 658 1557 non
682 1492 757 1574 quia
778 1491 886 1557 liberis
911 1491 1056 1574 debetur,
1088 1491 1146 1556 sed
1176 1492 1250 1575 quia
1282 1512 1302 1555 a
1331 1490 1433 1556 libero

364 1597 469 1663 animo
498 1597 723 1682 proficiscitur,
754 1599 801 1663 ita
829 1597 996 1664 nominata
1018 1597 1100 1662 estt.
1135 1598 1174 1663 de
1197 1597 1270 1663 ben.
1295 1598 1312 1662 Ι
1337 1603 1366 1679 3,
1399 1603 1431 1662 7:

367 1727 463 1789 ,ergo
493 1710 526 1770 et
555 1705 736 1771 Mercurius
768 1727 831 1770 uua
860 1710 936 1787 stat,
966 1725 1032 1770 non
1063 1705 1138 1787 quia
1166 1703 1323 1770 beneficia
1348 1705 1432 1770 ratio

365 1812 565 1877 commendat
593 1811 642 1877 vel
671 1811 785 1893 oratic,
820 1812 876 1877 sed
905 1812 980 1894 quia
1007 1811 1124 1894 pictori
1151 1812 1199 1876 ita
1225 1812 1328 1875 visum
1351 1813 1431 1878 est“.

364 1919 415 1988 IV
438 1923 488 2002 16,
514 1922 545 1982 1;
574 1919 685 2003 ,Idem
707 1919 762 1984 isti
784 1921 917 2004 gratiam
941 1918 1060 1985 referre
1083 1919 1171 2003 ipsos
1194 1918 1345 1999 fatentur,
1370 1940 1432 1983 non

365 2025 440 2108 qnia
455 2025 626 2091 honestum
642 2032 701 2109 est,
723 2026 779 2091 sed
796 2027 871 2109 quia
886 2027 996 2092 utile“.
1019 2026 1071 2095 IV
1088 2031 1142 2109 36,
1165 2029 1198 2089 1;
1223 2025 1270 2109 ,si
1285 2026 1432 2107 exiguum

364 2139 424 2216 ost,
449 2133 543 2215 dabo,
572 2153 636 2199 non
660 2134 736 2217 qnia
755 2133 869 2218 dignus
890 2154 933 2215 ea,
959 2133 1016 2198 sed
1040 2133 1115 2216 quia
1134 2132 1286 2216 promisi“
1313 2155 1341 2198 e.
1359 2155 1388 2215 q.
1405 2153 1430 2196 s,

366 2261 397 2305 n.
422 2261 474 2322 qu.
503 2240 625 2323 Iprol.
650 2244 685 2303 6:
723 2240 843 2324 „virtus
874 2240 956 2304 enim
987 2241 1059 2322 ista,
1093 2261 1189 2322 quam
1220 2238 1428 2321 adfectamus,

364 2345 534 2431 magnifica
558 2353 616 2429 est,
640 2367 704 2412 non
728 2348 802 2430 quia
825 2368 883 2430 per
906 2369 940 2412 se
963 2347 1093 2413 beatum
1115 2353 1164 2412 est
1180 2347 1264 2412 malo
1281 2347 1430 2429 caruisse,

364 2453 421 2520 sed
445 2455 520 2537 qnia
543 2455 681 2520 animum
705 2453 812 2519 laxat“
838 2475 865 2519 e.
891 2476 921 2536 q.
946 2475 970 2520 a.
1007 2476 1057 2537 ep.
1081 2476 1123 2518 m.
1153 2459 1204 2534 66,
1231 2459 1287 2518 26:
1320 2475 1431 2537 „nemo

368 2561 450 2626 enim
466 2562 615 2645 patriam,
633 2562 707 2646 quia
721 2583 837 2644 magna
853 2566 903 2626 est
918 2565 1013 2644 amat,
1031 2561 1088 2626 sed
1104 2561 1179 2643 quia
1195 2560 1284 2626 sua“.
1309 2565 1364 2643 81,
1375 2566 1430 2624 20:

368 2674 499 2753 ,gratus
522 2691 602 2752 sum,
626 2690 691 2734 non
715 2670 789 2752 quia
813 2669 951 2753 expedit,
976 2668 1032 2734 sed
1056 2669 1131 2751 quia
1153 2669 1272 2734 iuvat“.
1302 2673 1356 2751 92,
1376 2672 1429 2734 ll:

367 2773 509 2860 „Quidni
531 2776 660 2860 petam?
690 2797 754 2842 non
786 2777 860 2859 qnia
887 2775 973 2841 bona
995 2780 1069 2840 sunt
1092 2775 1150 2858 (sc.
1175 2776 1260 2841 bona
1282 2775 1430 2840 valetudo

364 2889 397 2949 et
421 2884 510 2966 quies
526 2889 559 2949 et
575 2882 722 2948 dolorum
739 2883 888 2968 vacatio),
912 2882 969 2947 sed
993 2883 1067 2966 quia
1091 2881 1262 2947 secundum
1283 2887 1430 2946 naturam

365 2991 458 3055 sunt“
472 3012 499 3056 e.
511 3011 541 3073 q.
553 3011 578 3054 s.
602 2989 680 3056 haec
697 2990 795 3073 igitur
807 3010 889 3072 quae
902 2989 995 3054 attuli
1008 2989 1153 3073 exempla
1164 2988 1362 3054 Reussianae
1376 2988 1429 3053 ob-

364 3097 534 3163 servationi
550 3118 615 3163 non
631 3096 843 3179 refragantur.
883 3095 939 3161 sod
955 3100 1078 3161 restant
1094 3095 1148 3160 alii
1162 3095 1227 3160 loci
1243 3096 1335 3178 eique
1352 3096 1428 3160 satis

363 3203 455 3269 multi
479 3205 533 3287 qui
557 3225 627 3268 cnm
650 3202 705 3269 illa
725 3224 790 3268 non
812 3202 1021 3268 concordent.
1054 3222 1134 3286 quos
1151 3201 1191 3266 ad
1207 3223 1305 3268 unum
1321 3223 1428 3267 omnes

363 3309 595 3376 transscribere
626 3331 742 3395 operae
772 3310 911 3393 pretium
940 3309 1075 3374 videtur.
1115 3308 1154 3374 de
1178 3308 1251 3376 bon.
1275 3308 1308 3377 V
1335 3313 1385 3391 19,
1409 3313 1427 3371 6

362 3418 513 3500 legimus:
541 3418 631 3504 „dico
655 3440 706 3484 me
728 3418 786 3483 tibi
808 3417 984 3500 obligatum
999 3437 1059 3499 pro
1074 3414 1153 3499 filio,
1176 3437 1243 3481 non
1259 3417 1334 3498 quia
1350 3437 1428 3496 sum,

363 3524 419 3589 sed
454 3525 529 3608 quia
562 3525 634 3591 volo
666 3546 717 3590 me
751 3523 866 3590 offerre
897 3523 956 3588 tibi
980 3521 1159 3589 debitorem
1182 3522 1430 3589 voluntarium&

362 3636 499 3715 apparet
532 3632 721 3697 sententiam
753 3653 821 3697 esse
851 3631 952 3696 hanc:
990 3629 1170 3714 ,obligatus
1192 3651 1252 3713 pro
1276 3629 1341 3695 filio
1365 3651 1429 3694 non

362 3740 464 3803 sum“.
504 3761 581 3822 ergo
605 3738 684 3803 illud
711 3759 779 3824 „me
803 3737 980 3821 obligatum
1005 3757 1073 3802 osse
1097 3758 1156 3819 pro
1181 3735 1266 3802 filio“
1300 3742 1349 3801 est
1374 3736 1427 3801 ali-

363 3845 449 3928 quid,
467 3847 554 3928 quod
570 3847 730 3930 cogitatur
745 3846 794 3912 vel
811 3846 995 3912 coniectura
1011 3851 1060 3910 est
1075 3844 1238 3909 inventum
1254 3849 1428 3926 nostroque

363 3953 501 4018 sermoni
516 3953 725 4019 accomodate
741 3954 786 4019 sio
801 3953 969 4019 reddetur:
997 3951 1105 4036 ,nicht
1121 3951 1190 4017 weil
1206 3952 1266 4032 ich,
1283 3952 1340 4016 wie
1357 3971 1429 4016 man

361 4060 487 4124 meinen
510 4059 640 4142 kdnnte,
669 4059 720 4125 fur
748 4059 809 4125 den
833 4058 921 4124 Sohn
949 4057 1149 4142 verpflichtet
1177 4059 1252 4124 bin“
1278 4062 1338 4123 etc.
1374 4056 1429 4121 sed

363 4165 433 4232 vide
464 4165 599 4232 alterum
631 4166 808 4250 exemplum
833 4167 863 4230 d.
887 4166 956 4234 VII
980 4170 1033 4246 26,
1059 4168 1092 4228 5:
1125 4165 1225 4249 ,haec
1254 4164 1339 4228 dicet
1366 4162 1428 4244 ille,

363 4273 414 4337 cui
430 4273 588 4355 sapientia
610 4273 754 4355 contigit,
779 4294 873 4354 quem
896 4272 1019 4337 animus
1043 4271 1193 4336 vitiorum
1215 4270 1362 4336 immunis
1384 4271 1429 4333 in-
