3206 5208
811 552 1028 612 „50-

387 725 486 791 voluit
502 747 522 790 a
536 725 716 810 legentibus
732 726 883 808 suppleri.
919 725 1017 791 habes
1034 725 1212 809 exemplum
1235 726 1266 789 d.
1282 725 1353 795 VH
1370 729 1399 807 5,
1417 729 1446 788 l:

389 835 556 917 ,quoniam
581 833 757 899 liberaliter
779 856 874 916 agere
899 834 1000 918 coepi,
1028 839 1137 918 potest
1160 832 1274 898 beatus
1300 833 1371 915 dici,
1399 833 1450 916 qui

386 963 445 1006 nec
473 942 562 1024 cupit
592 963 650 1005 uec
680 942 772 1006 timet
801 940 954 1005 beneficio
978 941 1110 1005 rationis
1134 939 1299 1026 (quoniam
1322 946 1355 1004 et
1378 961 1452 1004 saxa

386 1049 500 1113 timore
529 1060 561 1114 el
588 1049 720 1113 tristitia
748 1053 857 1112 carent
885 1070 945 1112 nec
973 1049 1075 1112 miuus
1103 1048 1257 1130 pecudeS,
1292 1068 1357 1112 non
1379 1047 1450 1111 ideo

385 1162 494 1221 tamen
518 1157 686 1239 quisquam
709 1156 813 1220 felicia
837 1156 962 1237 dixerit,
994 1155 1108 1237 quibus
1131 1177 1196 1220 nou
1221 1160 1270 1219 est
1292 1155 1451 1219 felicitatis

385 1263 564 1328 intellectus
588 1286 615 1328 e.
640 1285 670 1345 q.
696 1263 766 1349 e.).“
814 1263 876 1326 hoc
903 1262 992 1344 loco,
1025 1268 1061 1326 ut
1096 1283 1213 1345 sequar
1243 1260 1367 1327 Gertuii
1402 1284 1451 1326 ex-

384 1370 611 1452 planationem,
652 1392 746 1452 quam
782 1369 870 1434 dedit
905 1370 990 1434 stud.
1027 1370 1097 1433 crit.
1133 1370 1166 1432 in
1200 1368 1342 1434 Senecae
1379 1369 1450 1435 dial.

385 1500 416 1560 p.
444 1481 521 1559 124,
559 1477 748 1560 ,quoniam“
783 1476 895 1540 eodem
927 1476 1098 1540 adhibetur
1125 1476 1238 1558 modo,
1274 1497 1339 1558 quo
1368 1477 1450 1559 apud

385 1585 531 1649 Graecos
558 1581 657 1669 ,taff
677 1591 710 1648 et
728 1585 836 1668 ,xdpffi
862 1583 948 1667 apud
970 1582 1105 1648 Latinos
1132 1583 1245 1666 ,nam“
1268 1584 1451 1666 saepissime

385 1691 534 1773 usurpari
559 1712 668 1756 omnes
692 1692 806 1772 sciunt,
837 1696 874 1753 nt
897 1711 992 1754 causa
1015 1691 1194 1754 sententiae
1218 1690 1356 1755 addatur
1379 1712 1450 1773 sup-

385 1820 524 1880 pressae.
573 1819 701 1862 causam
731 1797 878 1862 videlicet
911 1796 1035 1862 Seneca
1069 1797 1172 1879 affert,
1208 1819 1266 1861 cur
1299 1799 1332 1862 in
1366 1798 1450 1862 beati

383 1905 518 1969 bominis
554 1904 736 1969 definitione
769 1926 834 1969 non
868 1905 1053 1987 simpliciter
1088 1905 1134 1967 sic
1164 1905 1290 1968 locutus
1324 1905 1380 1986 sit,
1416 1911 1450 1968 ut

385 2013 518 2077 diceret:
546 2017 674 2096 ,potest
697 2011 811 2076 beatus
834 2012 897 2075 dici
921 2012 975 2094 qui
991 2033 1049 2075 nec
1067 2012 1155 2095 cupit
1170 2033 1229 2075 nec
1246 2012 1370 2093 timet“,
1395 2011 1448 2076 sed

385 2119 449 2183 duo
473 2120 526 2183 illa
549 2119 645 2184 verba
670 2119 843 2202 „beneficio
868 2120 1022 2183 rationis“
1046 2118 1214 2199 adiecerit,
1238 2119 1336 2200 igitur
1355 2141 1449 2205 ,quo-

383 2227 487 2291 niam“
513 2227 652 2291 breviter
676 2227 795 2291 dictum
820 2232 869 2291 est
893 2248 951 2310 pro
969 2247 1018 2308 eo,
1043 2226 1131 2309 quod
1147 2232 1211 2290 est:
1239 2226 1338 2308 ,baec
1354 2225 1449 2290 verba

383 2332 518 2398 finitioni
534 2355 623 2398 meae
640 2334 751 2415 adieci,
777 2334 960 2416 quoniam“.
1007 2338 1120 2397 nostro
1136 2353 1292 2413 sermone,
1317 2339 1354 2396 ut
1368 2333 1448 2397 hauc

383 2440 553 2505 reddamus
577 2441 776 2522 sententiam,
801 2441 881 2505 baec
906 2440 969 2504 duo
988 2440 1085 2504 verba
1103 2438 1278 2522 „beneficio
1295 2440 1444 2504 rationis*

383 2553 527 2630 repetere
544 2547 695 2612 debemus
718 2549 764 2612 sic
786 2553 960 2612 vertentes:
989 2546 1165 2632 ,gldcklicb
1183 2546 1268 2611 kann
1285 2547 1448 2630 geheissen

383 2655 519 2737 werden,
543 2677 607 2719 wer
629 2655 734 2720 weder
752 2655 917 2720 Wiinscbe
941 2655 1019 2736 hegt
1043 2654 1126 2718 noch
1141 2653 1265 2718 Furcbt
1289 2654 1376 2718 dank
1393 2653 1448 2717 der

384 2767 537 2850 φρόνησις
563 2762 648 2826 dank
673 2763 731 2826 der
754 2767 902 2851 φρόνησις,
929 2761 971 2826 da
989 2761 1025 2844 ja
1047 2761 1130 2825 auch
1152 2760 1290 2825 Felsen“
1317 2783 1343 2825 e.
1369 2783 1399 2843 q.
1423 2781 1447 2822 s.

383 2868 482 2932 simile
513 2870 544 2932 in
578 2868 755 2950 exemplum
790 2869 874 2950 apud
906 2867 1061 2931 Senecam
1089 2889 1153 2931 uno
1182 2873 1351 2948 praeterea
1377 2867 1447 2932 loco

383 2975 560 3056 incidimus,
585 2976 639 3057 qui
663 2979 711 3038 est
735 2997 765 3037 n.
783 2996 835 3057 qu.
852 2975 901 3042 lV
922 2978 973 3055 13,
999 2979 1028 3055 3,
1053 2975 1107 3039 ubi
1127 2979 1234 3044 tamen
1249 2975 1304 3039 illa
1319 2975 1449 3057 simplex

383 3082 527 3146 vertendi
544 3083 626 3147 ratio
642 3102 706 3145 non
723 3081 850 3163 suflicit,
874 3083 931 3144 sed
946 3081 1143 3163 longioribus
1158 3082 1329 3146 verborum
1343 3083 1448 3146 amba-

384 3189 476 3271 gibus
496 3211 575 3272 0pus
593 3195 651 3252 est.
683 3189 800 3271 legitur
816 3190 912 3252 euim:
938 3209 1016 3272 ,nos
1033 3210 1108 3252 vero
1125 3210 1315 3270 quaeramus
1331 3189 1448 3270 potius,

384 3297 546 3378 quomodo
576 3294 654 3360 fiant
677 3297 764 3359 nives
789 3318 884 3377 quam
909 3295 1071 3378 quomodo
1096 3301 1271 3376 serventur,
1299 3297 1449 3378 quoniam

384 3425 447 3467 non
464 3404 608 3467 contenti
624 3403 696 3467 vina
713 3402 898 3477 diffundere,
915 3403 1073 3466 veteraria
1089 3424 1147 3482 per
1163 3423 1296 3483 sapores
1313 3408 1449 3467 aetates·

385 3533 445 3594 que
470 3511 640 3592 disponere
664 3511 846 3590 invenimus,
872 3509 1034 3592 quomodo
1059 3511 1249 3591 stiparemus
1276 3511 1391 3592 niuem,
1416 3515 1450 3574 ut

385 3639 423 3681 ea
457 3622 613 3680 aestatem
648 3616 826 3681 evinceret“
860 3638 887 3680 e.
913 3639 942 3698 q.
968 3639 992 3680 s.
1044 3616 1104 3680 hoc
1135 3616 1207 3681 loco
1239 3614 1364 3682 Seneca
1393 3639 1451 3700 per

385 3724 584 3787 enuntiatum
608 3745 627 3787 a
653 3724 841 3808 ,quoniam“
867 3724 1009 3806 pendens
1033 3725 1213 3787 accuratius
1230 3725 1369 3807 exponit,
1395 3746 1450 3788 cur

384 3829 487 3894 verbis
508 3850 586 3914 ,nos
603 3851 676 3893 vero
701 3878 730 3891 ..
752 3881 758 3892 .
783 3831 889 3894 nives“
916 3831 1067 3895 adiecerit
1091 3829 1318 3912 subsequentia
1336 3853 1450 3915 ,quam

385 3936 546 4019 quomodo
582 3937 781 4000 serveutnr“.
840 3935 978 4001 fortasse
1016 3959 1081 4001 non
1119 3939 1324 4003 incommoda
1367 3938 1448 4002 vide-

385 4049 438 4107 tur
466 4043 559 4106 huius
587 4043 675 4106 modi
702 4044 939 4125 interpretatio:
978 4046 1052 4126 ,uir
1082 4045 1194 4108 uollen
1221 4044 1320 4109 lieber
1343 4051 1449 4109 unter-

386 4151 514 4232 suchen,
546 4150 601 4213 wie
631 4150 687 4213 der
712 4149 835 4214 Schnee
860 4152 1010 4234 eutstebt,
1042 4151 1088 4215 als
1111 4153 1168 4215 uie
1192 4173 1227 4216 er
1250 4151 1450 4217 ausbewabrt

385 4257 479 4336 wind,
503 4257 555 4320 ich
571 4275 659 4338 sage:
685 4257 731 4322 als
750 4258 806 4322 wie
823 4279 858 4322 er
875 4259 1076 4323 ausbewabrt
1091 4259 1179 4340 wird,
1205 4258 1247 4321 da
1258 4259 1313 4341 ja“
1332 4282 1360 4324 e.
1377 4283 1408 4342 q.
1425 4281 1449 4325 s.
