<?xml version="1.0" encoding="UTF-8"?>
<!DOCTYPE html PUBLIC "-//W3C//DTD XHTML 1.0 Transitional//EN"
    "http://www.w3.org/TR/xhtml1/DTD/xhtml1-transitional.dtd">
<html xmlns="http://www.w3.org/1999/xhtml" xml:lang="en" lang="en">
 <head>
  <title>
</title>
<meta http-equiv="Content-Type" content="text/html;charset=utf-8" />
  <meta name='ocr-system' content='tesseract 3.04.00' />
  <meta name='ocr-capabilities' content='ocr_page ocr_carea ocr_par ocr_line ocrx_word'/>
</head>
<body>
  <div class='ocr_page' id='page_1' title='image "./observationesan00rieggoog_0041.png"; bbox 0 0 3206 5208; ppageno 0'>
   <div class='ocr_carea' id='block_1_1' title="bbox 789 553 1020 612">
    <p class='ocr_par' dir='ltr' id='par_1_1' title="bbox 789 553 1020 612">
     <span class='ocr_line' id='line_1_1' title="bbox 789 553 1020 612; baseline 0.004 -1"><span class='ocrx_word' id='word_1_1' title='bbox 789 553 1020 612; x_wconf 84' lang='lat'><strong>-36-·</strong></span> 
     </span>
    </p>
   </div>
   <div class='ocr_carea' id='block_1_2' title="bbox 354 724 1432 4346">
    <p class='ocr_par' dir='ltr' id='par_1_2' title="bbox 361 724 1432 2305">
     <span class='ocr_line' id='line_1_2' title="bbox 366 724 1429 810; baseline 0.003 -22"><span class='ocrx_word' id='word_1_2' title='bbox 366 724 528 808; x_wconf 84' lang='lat' dir='ltr'>generalia</span> <span class='ocrx_word' id='word_1_3' title='bbox 561 731 734 810; x_wconf 86' lang='lat' dir='ltr'>praecepta</span> <span class='ocrx_word' id='word_1_4' title='bbox 767 730 853 809; x_wconf 85' lang='lat' dir='ltr'>sunt,</span> <span class='ocrx_word' id='word_1_5' title='bbox 888 727 967 791; x_wconf 89' lang='lat' dir='ltr'>haec</span> <span class='ocrx_word' id='word_1_6' title='bbox 997 726 1192 809; x_wconf 80' lang='lat' dir='ltr'>specialia?“</span> <span class='ocrx_word' id='word_1_7' title='bbox 1240 726 1429 792; x_wconf 88' lang='lat' dir='ltr'>sententiam</span> 
     </span>
     <span class='ocr_line' id='line_1_3' title="bbox 365 831 1430 921; baseline 0.001 -24"><span class='ocrx_word' id='word_1_8' title='bbox 365 837 457 914; x_wconf 85' lang='lat' dir='ltr'>patet</span> <span class='ocrx_word' id='word_1_9' title='bbox 486 831 563 898; x_wconf 90' lang='lat' dir='ltr'><strong>nihil</strong></span> <span class='ocrx_word' id='word_1_10' title='bbox 593 832 722 898; x_wconf 85' lang='lat' dir='ltr'>differre</span> <span class='ocrx_word' id='word_1_11' title='bbox 749 834 790 899; x_wconf 90' lang='lat' dir='ltr'>ab</span> <span class='ocrx_word' id='word_1_12' title='bbox 817 835 896 900; x_wconf 89' lang='lat' dir='ltr'>hac:</span> <span class='ocrx_word' id='word_1_13' title='bbox 932 835 1036 921; x_wconf 85' lang='lat' dir='ltr'>„inter</span> <span class='ocrx_word' id='word_1_14' title='bbox 1058 834 1188 899; x_wconf 85' lang='lat' dir='ltr'>decreta</span> <span class='ocrx_word' id='word_1_15' title='bbox 1210 835 1430 918; x_wconf 84' lang='lat' dir='ltr'>philosophiae</span> 
     </span>
     <span class='ocr_line' id='line_1_4' title="bbox 365 941 1431 1026; baseline 0.002 -22"><span class='ocrx_word' id='word_1_16' title='bbox 365 945 399 1004; x_wconf 88' lang='lat' dir='ltr'>et</span> <span class='ocrx_word' id='word_1_17' title='bbox 427 946 603 1023; x_wconf 87' lang='lat' dir='ltr'>praecepta</span> <span class='ocrx_word' id='word_1_18' title='bbox 633 941 696 1006; x_wconf 94' lang='lat' dir='ltr'>hoc</span> <span class='ocrx_word' id='word_1_19' title='bbox 725 947 850 1006; x_wconf 88' lang='lat' dir='ltr'>tantum</span> <span class='ocrx_word' id='word_1_20' title='bbox 881 942 1015 1006; x_wconf 87' lang='lat' dir='ltr'>interest</span> <span class='ocrx_word' id='word_1_21' title='bbox 1045 941 1150 1025; x_wconf 80' lang='lat' dir='ltr'>quod“</span> <span class='ocrx_word' id='word_1_22' title='bbox 1181 964 1208 1006; x_wconf 88' lang='lat' dir='ltr'>e.</span> <span class='ocrx_word' id='word_1_23' title='bbox 1225 962 1254 1024; x_wconf 92' lang='lat' dir='ltr'>q.</span> <span class='ocrx_word' id='word_1_24' title='bbox 1272 963 1296 1006; x_wconf 91' lang='lat' dir='ltr'>s.</span> <span class='ocrx_word' id='word_1_25' title='bbox 1321 942 1431 1026; x_wconf 83' lang='lat' dir='ltr'>accipe</span> 
     </span>
     <span class='ocr_line' id='line_1_5' title="bbox 364 1046 1432 1133; baseline 0.004 -23"><span class='ocrx_word' id='word_1_26' title='bbox 364 1046 501 1111; x_wconf 87' lang='lat' dir='ltr'>alterum</span> <span class='ocrx_word' id='word_1_27' title='bbox 530 1047 653 1112; x_wconf 88' lang='lat' dir='ltr'>locum:</span> <span class='ocrx_word' id='word_1_28' title='bbox 686 1048 717 1112; x_wconf 90' lang='lat' dir='ltr'>d.</span> <span class='ocrx_word' id='word_1_29' title='bbox 742 1047 799 1111; x_wconf 91' lang='lat' dir='ltr'>III</span> <span class='ocrx_word' id='word_1_30' title='bbox 826 1052 876 1130; x_wconf 95' lang='grc'>11,</span> <span class='ocrx_word' id='word_1_31' title='bbox 903 1053 936 1112; x_wconf 84' lang='grc'>2;</span> <span class='ocrx_word' id='word_1_32' title='bbox 964 1048 1061 1133; x_wconf 76' lang='lat' dir='ltr'>„quid</span> <span class='ocrx_word' id='word_1_33' title='bbox 1085 1047 1289 1113; x_wconf 78' lang='lat' dir='ltr'>Cimbrorum</span> <span class='ocrx_word' id='word_1_34' title='bbox 1312 1047 1432 1114; x_wconf 76' lang='lat' dir='ltr'>Teuto-</span> 
     </span>
     <span class='ocr_line' id='line_1_6' title="bbox 364 1153 1432 1238; baseline 0.001 -21"><span class='ocrx_word' id='word_1_35' title='bbox 364 1175 543 1237; x_wconf 89' lang='lat' dir='ltr'>norumque</span> <span class='ocrx_word' id='word_1_36' title='bbox 572 1159 623 1219; x_wconf 91' lang='lat' dir='ltr'>tot</span> <span class='ocrx_word' id='word_1_37' title='bbox 654 1153 742 1219; x_wconf 88' lang='lat' dir='ltr'>milia</span> <span class='ocrx_word' id='word_1_38' title='bbox 771 1153 938 1238; x_wconf 86' lang='lat' dir='ltr'>superfusa</span> <span class='ocrx_word' id='word_1_39' title='bbox 968 1154 1107 1238; x_wconf 87' lang='lat' dir='ltr'>Alpibus</span> <span class='ocrx_word' id='word_1_40' title='bbox 1141 1156 1188 1219; x_wconf 91' lang='lat' dir='ltr'>ita</span> <span class='ocrx_word' id='word_1_41' title='bbox 1220 1155 1360 1236; x_wconf 76' lang='lat' dir='ltr'>sustulit,</span> <span class='ocrx_word' id='word_1_42' title='bbox 1396 1160 1432 1218; x_wconf 89' lang='lat' dir='ltr'>ut</span> 
     </span>
     <span class='ocr_line' id='line_1_7' title="bbox 364 1261 1432 1328; baseline 0.002 -4"><span class='ocrx_word' id='word_1_43' title='bbox 364 1265 474 1325; x_wconf 81' lang='lat' dir='ltr'>lantso</span> <span class='ocrx_word' id='word_1_44' title='bbox 505 1261 603 1325; x_wconf 88' lang='lat' dir='ltr'>cladis</span> <span class='ocrx_word' id='word_1_45' title='bbox 633 1262 781 1326; x_wconf 87' lang='lat' dir='ltr'>notitiam</span> <span class='ocrx_word' id='word_1_46' title='bbox 812 1261 853 1326; x_wconf 92' lang='lat' dir='ltr'>ad</span> <span class='ocrx_word' id='word_1_47' title='bbox 884 1283 959 1326; x_wconf 90' lang='lat' dir='ltr'>suos</span> <span class='ocrx_word' id='word_1_48' title='bbox 996 1282 1062 1328; x_wconf 90' lang='lat' dir='ltr'>non</span> <span class='ocrx_word' id='word_1_49' title='bbox 1090 1263 1220 1326; x_wconf 88' lang='lat' dir='ltr'>nuntius</span> <span class='ocrx_word' id='word_1_50' title='bbox 1254 1261 1312 1328; x_wconf 88' lang='lat' dir='ltr'>sed</span> <span class='ocrx_word' id='word_1_51' title='bbox 1346 1261 1432 1326; x_wconf 87' lang='lat' dir='ltr'>lama</span> 
     </span>
     <span class='ocr_line' id='line_1_8' title="bbox 363 1366 1431 1453; baseline 0.001 -21"><span class='ocrx_word' id='word_1_52' title='bbox 363 1366 541 1449; x_wconf 84' lang='lat' dir='ltr'>pertulerit,</span> <span class='ocrx_word' id='word_1_53' title='bbox 571 1367 631 1431; x_wconf 92' lang='lat' dir='ltr'>nisi</span> <span class='ocrx_word' id='word_1_54' title='bbox 663 1368 749 1450; x_wconf 88' lang='lat' dir='ltr'>qnod</span> <span class='ocrx_word' id='word_1_55' title='bbox 777 1374 848 1434; x_wconf 90' lang='lat' dir='ltr'>erat</span> <span class='ocrx_word' id='word_1_56' title='bbox 881 1369 943 1433; x_wconf 92' lang='lat' dir='ltr'>illis</span> <span class='ocrx_word' id='word_1_57' title='bbox 969 1369 1017 1433; x_wconf 91' lang='lat' dir='ltr'>ira</span> <span class='ocrx_word' id='word_1_58' title='bbox 1045 1391 1103 1453; x_wconf 88' lang='lat' dir='ltr'>pro</span> <span class='ocrx_word' id='word_1_59' title='bbox 1130 1369 1289 1434; x_wconf 82' lang='lat' dir='ltr'>virtute‘?“</span> <span class='ocrx_word' id='word_1_60' title='bbox 1321 1391 1431 1435; x_wconf 90' lang='lat' dir='ltr'>sensus</span> 
     </span>
     <span class='ocr_line' id='line_1_9' title="bbox 364 1473 1430 1559; baseline 0.003 -22"><span class='ocrx_word' id='word_1_61' title='bbox 364 1480 429 1539; x_wconf 90' lang='lat' dir='ltr'>est:</span> <span class='ocrx_word' id='word_1_62' title='bbox 472 1473 694 1559; x_wconf 70' lang='lat' dir='ltr'>„Cimbrorum</span> <span class='ocrx_word' id='word_1_63' title='bbox 728 1475 1014 1558; x_wconf 77' lang='lat' dir='ltr'>Teutonorumque</span> <span class='ocrx_word' id='word_1_64' title='bbox 1049 1482 1099 1540; x_wconf 90' lang='lat' dir='ltr'>tot</span> <span class='ocrx_word' id='word_1_65' title='bbox 1133 1477 1285 1544; x_wconf 91' lang='lat' dir='ltr'>milia..</span> <span class='ocrx_word' id='word_1_66' title='bbox 1312 1529 1318 1542; x_wconf 96' lang='lat'>.</span> <span class='ocrx_word' id='word_1_67' title='bbox 1355 1476 1430 1540; x_wconf 92' lang='lat' dir='ltr'>nihil</span> 
     </span>
     <span class='ocr_line' id='line_1_10' title="bbox 364 1581 1428 1665; baseline 0.001 -19"><span class='ocrx_word' id='word_1_68' title='bbox 364 1581 492 1647; x_wconf 84' lang='lat' dir='ltr'>sustulit</span> <span class='ocrx_word' id='word_1_69' title='bbox 522 1583 582 1646; x_wconf 91' lang='lat' dir='ltr'>nisi</span> <span class='ocrx_word' id='word_1_70' title='bbox 612 1583 673 1664; x_wconf 86' lang='lat' dir='ltr'>ira,</span> <span class='ocrx_word' id='word_1_71' title='bbox 709 1604 791 1665; x_wconf 88' lang='lat' dir='ltr'>quae</span> <span class='ocrx_word' id='word_1_72' title='bbox 821 1584 882 1647; x_wconf 90' lang='lat' dir='ltr'>illis</span> <span class='ocrx_word' id='word_1_73' title='bbox 909 1590 980 1648; x_wconf 87' lang='lat' dir='ltr'>erat</span> <span class='ocrx_word' id='word_1_74' title='bbox 1007 1605 1067 1665; x_wconf 88' lang='lat' dir='ltr'>pro</span> <span class='ocrx_word' id='word_1_75' title='bbox 1095 1583 1245 1648; x_wconf 76' lang='lat' dir='ltr'>virtute“.</span> <span class='ocrx_word' id='word_1_76' title='bbox 1295 1584 1428 1648; x_wconf 89' lang='lat' dir='ltr'>candem</span> 
     </span>
     <span class='ocr_line' id='line_1_11' title="bbox 363 1689 1428 1773; baseline 0.001 -21"><span class='ocrx_word' id='word_1_77' title='bbox 363 1689 519 1754; x_wconf 88' lang='lat' dir='ltr'>rationem</span> <span class='ocrx_word' id='word_1_78' title='bbox 554 1689 659 1753; x_wconf 83' lang='lat' dir='ltr'>valere</span> <span class='ocrx_word' id='word_1_79' title='bbox 694 1689 835 1754; x_wconf 86' lang='lat' dir='ltr'>videmus</span> <span class='ocrx_word' id='word_1_80' title='bbox 877 1690 916 1754; x_wconf 87' lang='lat' dir='ltr'>de</span> <span class='ocrx_word' id='word_1_81' title='bbox 954 1690 1027 1754; x_wconf 90' lang='lat' dir='ltr'>ben.</span> <span class='ocrx_word' id='word_1_82' title='bbox 1057 1690 1107 1758; x_wconf 83' lang='lat' dir='ltr'>VI</span> <span class='ocrx_word' id='word_1_83' title='bbox 1138 1695 1194 1773; x_wconf 87' lang='grc'>27,</span> <span class='ocrx_word' id='word_1_84' title='bbox 1229 1695 1263 1772; x_wconf 76' lang='lat'>63</span> <span class='ocrx_word' id='word_1_85' title='bbox 1302 1712 1352 1773; x_wconf 90' lang='lat' dir='ltr'>ep.</span> <span class='ocrx_word' id='word_1_86' title='bbox 1388 1713 1428 1754; x_wconf 91' lang='lat' dir='ltr'>m.</span> 
     </span>
     <span class='ocr_line' id='line_1_12' title="bbox 366 1796 1428 1879; baseline 0.002 -21"><span class='ocrx_word' id='word_1_87' title='bbox 366 1799 439 1877; x_wconf 81' lang='lat'>115,</span> <span class='ocrx_word' id='word_1_88' title='bbox 464 1802 501 1877; x_wconf 75' lang='lat'>83</span> <span class='ocrx_word' id='word_1_89' title='bbox 529 1818 559 1859; x_wconf 92' lang='lat' dir='ltr'>n.</span> <span class='ocrx_word' id='word_1_90' title='bbox 584 1818 637 1879; x_wconf 90' lang='lat' dir='ltr'>qn.</span> <span class='ocrx_word' id='word_1_91' title='bbox 662 1796 699 1859; x_wconf 90' lang='lat' dir='ltr'>H</span> <span class='ocrx_word' id='word_1_92' title='bbox 723 1801 753 1877; x_wconf 84' lang='lat'>9,</span> <span class='ocrx_word' id='word_1_93' title='bbox 777 1800 814 1878; x_wconf 77' lang='lat'>43</span> <span class='ocrx_word' id='word_1_94' title='bbox 839 1797 890 1864; x_wconf 87' lang='lat' dir='ltr'>Vl</span> <span class='ocrx_word' id='word_1_95' title='bbox 913 1802 944 1878; x_wconf 86' lang='lat'>8,</span> <span class='ocrx_word' id='word_1_96' title='bbox 972 1802 1000 1860; x_wconf 91' lang='lat'>1.</span> <span class='ocrx_word' id='word_1_97' title='bbox 1047 1796 1145 1861; x_wconf 87' lang='lat' dir='ltr'>semel</span> <span class='ocrx_word' id='word_1_98' title='bbox 1173 1802 1279 1862; x_wconf 88' lang='lat' dir='ltr'>autem</span> <span class='ocrx_word' id='word_1_99' title='bbox 1313 1796 1371 1862; x_wconf 91' lang='lat' dir='ltr'>tali</span> <span class='ocrx_word' id='word_1_100' title='bbox 1397 1798 1428 1861; x_wconf 90' lang='lat' dir='ltr'>in</span> 
     </span>
     <span class='ocr_line' id='line_1_13' title="bbox 362 1902 1428 1986; baseline 0.002 -20"><span class='ocrx_word' id='word_1_101' title='bbox 362 1902 527 1966; x_wconf 87' lang='lat' dir='ltr'>enuntiato</span> <span class='ocrx_word' id='word_1_102' title='bbox 559 1902 687 1985; x_wconf 76' lang='lat' dir='ltr'>„quod“</span> <span class='ocrx_word' id='word_1_103' title='bbox 720 1903 879 1967; x_wconf 83' lang='lat' dir='ltr'>causalem</span> <span class='ocrx_word' id='word_1_104' title='bbox 907 1924 984 1985; x_wconf 87' lang='lat' dir='ltr'>prae</span> <span class='ocrx_word' id='word_1_105' title='bbox 1013 1925 1046 1967; x_wconf 89' lang='lat' dir='ltr'>se</span> <span class='ocrx_word' id='word_1_106' title='bbox 1072 1903 1135 1968; x_wconf 88' lang='lat' dir='ltr'>fert</span> <span class='ocrx_word' id='word_1_107' title='bbox 1161 1908 1325 1985; x_wconf 87' lang='lat' dir='ltr'>naturam,</span> <span class='ocrx_word' id='word_1_108' title='bbox 1365 1926 1428 1986; x_wconf 89' lang='lat' dir='ltr'>qua</span> 
     </span>
     <span class='ocr_line' id='line_1_14' title="bbox 363 2009 1425 2075; baseline -0.001 -2"><span class='ocrx_word' id='word_1_109' title='bbox 363 2009 402 2074; x_wconf 90' lang='lat' dir='ltr'>de</span> <span class='ocrx_word' id='word_1_110' title='bbox 426 2029 523 2074; x_wconf 86' lang='lat' dir='ltr'>causa</span> <span class='ocrx_word' id='word_1_111' title='bbox 545 2009 651 2074; x_wconf 89' lang='lat' dir='ltr'>locum</span> <span class='ocrx_word' id='word_1_112' title='bbox 675 2031 714 2073; x_wconf 87' lang='lat' dir='ltr'>ex</span> <span class='ocrx_word' id='word_1_113' title='bbox 737 2015 916 2074; x_wconf 91' lang='lat' dir='ltr'>ceterorum</span> <span class='ocrx_word' id='word_1_114' title='bbox 937 2032 1069 2075; x_wconf 89' lang='lat' dir='ltr'>numero</span> <span class='ocrx_word' id='word_1_115' title='bbox 1086 2010 1286 2075; x_wconf 84' lang='lat' dir='ltr'>eximendum</span> <span class='ocrx_word' id='word_1_116' title='bbox 1304 2011 1425 2075; x_wconf 86' lang='lat' dir='ltr'>censui:</span> 
     </span>
     <span class='ocr_line' id='line_1_15' title="bbox 361 2105 1426 2202; baseline -0.001 -21"><span class='ocrx_word' id='word_1_117' title='bbox 361 2139 392 2181; x_wconf 91' lang='lat' dir='ltr'>n.</span> <span class='ocrx_word' id='word_1_118' title='bbox 414 2139 466 2199; x_wconf 91' lang='lat' dir='ltr'>qu.</span> <span class='ocrx_word' id='word_1_119' title='bbox 484 2116 519 2181; x_wconf 92' lang='lat' dir='ltr'>Il</span> <span class='ocrx_word' id='word_1_120' title='bbox 539 2121 590 2199; x_wconf 82' lang='lat'>59,</span> <span class='ocrx_word' id='word_1_121' title='bbox 619 2121 658 2180; x_wconf 91' lang='lat'>13</span> <span class='ocrx_word' id='word_1_122' title='bbox 685 2139 797 2202; x_wconf 76' lang='lat' dir='ltr'>„nemo</span> <span class='ocrx_word' id='word_1_123' title='bbox 819 2139 960 2199; x_wconf 90' lang='lat' dir='ltr'>unquam</span> <span class='ocrx_word' id='word_1_124' title='bbox 984 2105 1090 2182; x_wconf 81' lang='lat' dir='ltr'>timuit</span> <span class='ocrx_word' id='word_1_125' title='bbox 1112 2116 1230 2181; x_wconf 82' lang='lat' dir='ltr'>fulmen</span> <span class='ocrx_word' id='word_1_126' title='bbox 1255 2117 1315 2180; x_wconf 88' lang='lat' dir='ltr'>nisi</span> <span class='ocrx_word' id='word_1_127' title='bbox 1339 2117 1426 2199; x_wconf 92' lang='lat' dir='ltr'>quod</span> 
     </span>
     <span class='ocr_line' id='line_1_16' title="bbox 361 2223 502 2305; baseline 0.014 -17"><span class='ocrx_word' id='word_1_128' title='bbox 361 2223 502 2305; x_wconf 80' lang='lat' dir='ltr'>effugit“.</span> 
     </span>
    </p>

    <p class='ocr_par' dir='ltr' id='par_1_3' title="bbox 356 2330 1425 3596">
     <span class='ocr_line' id='line_1_17' title="bbox 426 2330 1425 2414; baseline -0.001 -19"><span class='ocrx_word' id='word_1_129' title='bbox 426 2331 490 2395; x_wconf 89' lang='lat' dir='ltr'>His</span> <span class='ocrx_word' id='word_1_130' title='bbox 512 2331 665 2395; x_wconf 89' lang='lat' dir='ltr'>contrarii</span> <span class='ocrx_word' id='word_1_131' title='bbox 688 2335 762 2395; x_wconf 88' lang='lat' dir='ltr'>sunt</span> <span class='ocrx_word' id='word_1_132' title='bbox 785 2331 908 2412; x_wconf 80' lang='lat' dir='ltr'>silaei,</span> <span class='ocrx_word' id='word_1_133' title='bbox 932 2332 964 2395; x_wconf 89' lang='lat' dir='ltr'>in</span> <span class='ocrx_word' id='word_1_134' title='bbox 988 2330 1103 2414; x_wconf 88' lang='lat' dir='ltr'>quibus</span> <span class='ocrx_word' id='word_1_135' title='bbox 1126 2332 1324 2396; x_wconf 87' lang='lat' dir='ltr'>enuntiatum</span> <span class='ocrx_word' id='word_1_136' title='bbox 1341 2332 1425 2414; x_wconf 91' lang='lat' dir='ltr'>prin-</span> 
     </span>
     <span class='ocr_line' id='line_1_18' title="bbox 361 2438 1425 2524; baseline 0.002 -22"><span class='ocrx_word' id='word_1_137' title='bbox 361 2438 462 2521; x_wconf 88' lang='lat' dir='ltr'>cipale</span> <span class='ocrx_word' id='word_1_138' title='bbox 485 2439 548 2502; x_wconf 85' lang='lat' dir='ltr'>vim</span> <span class='ocrx_word' id='word_1_139' title='bbox 569 2438 667 2504; x_wconf 90' lang='lat' dir='ltr'>habet</span> <span class='ocrx_word' id='word_1_140' title='bbox 689 2439 924 2506; x_wconf 82' lang='lat' dir='ltr'>affirmativam:</span> <span class='ocrx_word' id='word_1_141' title='bbox 951 2442 981 2505; x_wconf 90' lang='lat' dir='ltr'>d.</span> <span class='ocrx_word' id='word_1_142' title='bbox 999 2441 1050 2510; x_wconf 86' lang='lat' dir='ltr'>IV</span> <span class='ocrx_word' id='word_1_143' title='bbox 1066 2448 1096 2522; x_wconf 85' lang='lat'>8,</span> <span class='ocrx_word' id='word_1_144' title='bbox 1123 2445 1159 2504; x_wconf 88' lang='lat'>3:</span> <span class='ocrx_word' id='word_1_145' title='bbox 1186 2440 1345 2524; x_wconf 79' lang='lat' dir='ltr'>„ferarum</span> <span class='ocrx_word' id='word_1_146' title='bbox 1365 2441 1425 2504; x_wconf 90' lang='lat' dir='ltr'>iste</span> 
     </span>
     <span class='ocr_line' id='line_1_19' title="bbox 360 2547 1422 2631; baseline 0.002 -22"><span class='ocrx_word' id='word_1_147' title='bbox 360 2551 533 2610; x_wconf 88' lang='lat' dir='ltr'>conventus</span> <span class='ocrx_word' id='word_1_148' title='bbox 550 2551 608 2629; x_wconf 86' lang='lat' dir='ltr'>est,</span> <span class='ocrx_word' id='word_1_149' title='bbox 632 2547 691 2611; x_wconf 90' lang='lat' dir='ltr'>nisi</span> <span class='ocrx_word' id='word_1_150' title='bbox 712 2549 799 2630; x_wconf 93' lang='lat' dir='ltr'>quod</span> <span class='ocrx_word' id='word_1_151' title='bbox 815 2547 886 2613; x_wconf 87' lang='lat' dir='ltr'>illae</span> <span class='ocrx_word' id='word_1_152' title='bbox 903 2549 986 2615; x_wconf 88' lang='lat' dir='ltr'>inter</span> <span class='ocrx_word' id='word_1_153' title='bbox 1002 2570 1036 2613; x_wconf 89' lang='lat' dir='ltr'>se</span> <span class='ocrx_word' id='word_1_154' title='bbox 1052 2548 1195 2631; x_wconf 90' lang='lat' dir='ltr'>placidae</span> <span class='ocrx_word' id='word_1_155' title='bbox 1212 2554 1286 2612; x_wconf 89' lang='lat' dir='ltr'>sunt</span> <span class='ocrx_word' id='word_1_156' title='bbox 1302 2570 1422 2614; x_wconf 89' lang='lat' dir='ltr'>morsu-</span> 
     </span>
     <span class='ocr_line' id='line_1_20' title="bbox 360 2655 1423 2738; baseline 0.002 -21"><span class='ocrx_word' id='word_1_157' title='bbox 360 2675 421 2736; x_wconf 87' lang='lat' dir='ltr'>que</span> <span class='ocrx_word' id='word_1_158' title='bbox 450 2655 595 2719; x_wconf 89' lang='lat' dir='ltr'>similium</span> <span class='ocrx_word' id='word_1_159' title='bbox 623 2655 794 2738; x_wconf 86' lang='lat' dir='ltr'>abstinent,</span> <span class='ocrx_word' id='word_1_160' title='bbox 824 2657 857 2720; x_wconf 93' lang='lat' dir='ltr'>hi</span> <span class='ocrx_word' id='word_1_161' title='bbox 880 2663 992 2722; x_wconf 91' lang='lat' dir='ltr'>mutua</span> <span class='ocrx_word' id='word_1_162' title='bbox 1014 2657 1210 2723; x_wconf 88' lang='lat' dir='ltr'>laceratione</span> <span class='ocrx_word' id='word_1_163' title='bbox 1234 2658 1423 2722; x_wconf 81' lang='lat' dir='ltr'>satiantur“.</span> 
     </span>
     <span class='ocr_line' id='line_1_21' title="bbox 360 2761 1422 2848; baseline 0.002 -23"><span class='ocrx_word' id='word_1_164' title='bbox 360 2762 400 2825; x_wconf 89' lang='lat' dir='ltr'>de</span> <span class='ocrx_word' id='word_1_165' title='bbox 430 2761 503 2827; x_wconf 87' lang='lat' dir='ltr'>bon.</span> <span class='ocrx_word' id='word_1_166' title='bbox 534 2763 553 2826; x_wconf 93' lang='grc' dir='ltr'><strong>Ι</strong></span> <span class='ocrx_word' id='word_1_167' title='bbox 586 2767 637 2844; x_wconf 82' lang='lat' dir='ltr'>lo,</span> <span class='ocrx_word' id='word_1_168' title='bbox 668 2766 703 2827; x_wconf 83' lang='lat'>4:</span> <span class='ocrx_word' id='word_1_169' title='bbox 738 2763 840 2848; x_wconf 81' lang='lat' dir='ltr'>„infra</span> <span class='ocrx_word' id='word_1_170' title='bbox 871 2766 977 2829; x_wconf 86' lang='lat' dir='ltr'>omnia</span> <span class='ocrx_word' id='word_1_171' title='bbox 1006 2765 1068 2829; x_wconf 89' lang='lat' dir='ltr'>ista</span> <span class='ocrx_word' id='word_1_172' title='bbox 1094 2766 1237 2846; x_wconf 84' lang='lat' dir='ltr'>ingratus</span> <span class='ocrx_word' id='word_1_173' title='bbox 1269 2770 1329 2844; x_wconf 82' lang='lat' dir='ltr'>est,</span> <span class='ocrx_word' id='word_1_174' title='bbox 1365 2764 1422 2827; x_wconf 89' lang='lat' dir='ltr'>nisi</span> 
     </span>
     <span class='ocr_line' id='line_1_22' title="bbox 359 2870 1423 2954; baseline 0.001 -21"><span class='ocrx_word' id='word_1_175' title='bbox 359 2870 445 2952; x_wconf 90' lang='lat' dir='ltr'>quod</span> <span class='ocrx_word' id='word_1_176' title='bbox 476 2871 582 2934; x_wconf 89' lang='lat' dir='ltr'>omnia</span> <span class='ocrx_word' id='word_1_177' title='bbox 609 2871 672 2935; x_wconf 90' lang='lat' dir='ltr'>ista</span> <span class='ocrx_word' id='word_1_178' title='bbox 703 2871 743 2936; x_wconf 87' lang='lat' dir='ltr'>ab</span> <span class='ocrx_word' id='word_1_179' title='bbox 778 2872 904 2953; x_wconf 86' lang='lat' dir='ltr'>ingrato</span> <span class='ocrx_word' id='word_1_180' title='bbox 932 2876 1021 2954; x_wconf 86' lang='lat' dir='ltr'>sunt,</span> <span class='ocrx_word' id='word_1_181' title='bbox 1057 2873 1124 2936; x_wconf 88' lang='lat' dir='ltr'>sinc</span> <span class='ocrx_word' id='word_1_182' title='bbox 1154 2894 1217 2954; x_wconf 92' lang='lat' dir='ltr'>quo</span> <span class='ocrx_word' id='word_1_183' title='bbox 1246 2872 1298 2936; x_wconf 83' lang='lat' dir='ltr'>vix</span> <span class='ocrx_word' id='word_1_184' title='bbox 1326 2871 1423 2936; x_wconf 89' lang='lat' dir='ltr'>ullum</span> 
     </span>
     <span class='ocr_line' id='line_1_23' title="bbox 359 2976 1422 3062; baseline 0.003 -23"><span class='ocrx_word' id='word_1_185' title='bbox 359 2997 507 3058; x_wconf 86' lang='lat' dir='ltr'>magnum</span> <span class='ocrx_word' id='word_1_186' title='bbox 531 2976 653 3042; x_wconf 87' lang='lat' dir='ltr'>facinus</span> <span class='ocrx_word' id='word_1_187' title='bbox 669 2977 844 3043; x_wconf 78' lang='lat' dir='ltr'>adcrevit“.</span> <span class='ocrx_word' id='word_1_188' title='bbox 884 3001 933 3062; x_wconf 88' lang='lat' dir='ltr'>ep.</span> <span class='ocrx_word' id='word_1_189' title='bbox 951 3001 992 3042; x_wconf 93' lang='lat' dir='ltr'>m.</span> <span class='ocrx_word' id='word_1_190' title='bbox 1009 2982 1062 3060; x_wconf 88' lang='grc'>46,</span> <span class='ocrx_word' id='word_1_191' title='bbox 1089 2983 1125 3061; x_wconf 76' lang='lat'>33</span> <span class='ocrx_word' id='word_1_192' title='bbox 1149 2983 1202 3061; x_wconf 87' lang='grc'>47,</span> <span class='ocrx_word' id='word_1_193' title='bbox 1228 2985 1263 3060; x_wconf 82' lang='lat'>63</span> <span class='ocrx_word' id='word_1_194' title='bbox 1292 2983 1363 3059; x_wconf 87' lang='grc'><strong>103,</strong></span> <span class='ocrx_word' id='word_1_195' title='bbox 1389 2983 1422 3059; x_wconf 72' lang='grc'>2,</span> 
     </span>
     <span class='ocr_line' id='line_1_24' title="bbox 358 3082 1422 3169; baseline 0.005 -24"><span class='ocrx_word' id='word_1_196' title='bbox 358 3082 414 3147; x_wconf 85' lang='lat' dir='ltr'>sed</span> <span class='ocrx_word' id='word_1_197' title='bbox 444 3105 483 3147; x_wconf 94' lang='lat' dir='ltr'>ne</span> <span class='ocrx_word' id='word_1_198' title='bbox 514 3083 546 3146; x_wconf 94' lang='lat' dir='ltr'>in</span> <span class='ocrx_word' id='word_1_199' title='bbox 582 3083 631 3146; x_wconf 89' lang='lat' dir='ltr'>his</span> <span class='ocrx_word' id='word_1_200' title='bbox 666 3085 794 3166; x_wconf 87' lang='lat' dir='ltr'>quidem</span> <span class='ocrx_word' id='word_1_201' title='bbox 829 3085 946 3167; x_wconf 88' lang='lat' dir='ltr'>ellipsis</span> <span class='ocrx_word' id='word_1_202' title='bbox 980 3107 1053 3150; x_wconf 86' lang='lat' dir='ltr'>vere</span> <span class='ocrx_word' id='word_1_203' title='bbox 1088 3086 1283 3169; x_wconf 85' lang='lat' dir='ltr'>agnoscitur.</span> <span class='ocrx_word' id='word_1_204' title='bbox 1328 3086 1422 3150; x_wconf 91' lang='lat' dir='ltr'>immo</span> 
     </span>
     <span class='ocr_line' id='line_1_25' title="bbox 358 3189 1420 3274; baseline 0.001 -22"><span class='ocrx_word' id='word_1_205' title='bbox 358 3190 384 3253; x_wconf 89' lang='lat' dir='ltr'>si</span> <span class='ocrx_word' id='word_1_206' title='bbox 408 3189 483 3272; x_wconf 90' lang='lat' dir='ltr'>quid</span> <span class='ocrx_word' id='word_1_207' title='bbox 509 3190 600 3254; x_wconf 91' lang='lat' dir='ltr'>video</span> <span class='ocrx_word' id='word_1_208' title='bbox 623 3190 686 3256; x_wconf 92' lang='lat' dir='ltr'>hoc</span> <span class='ocrx_word' id='word_1_209' title='bbox 708 3193 816 3274; x_wconf 88' lang='lat' dir='ltr'>potius</span> <span class='ocrx_word' id='word_1_210' title='bbox 841 3198 877 3256; x_wconf 89' lang='lat' dir='ltr'>ut</span> <span class='ocrx_word' id='word_1_211' title='bbox 900 3197 1023 3256; x_wconf 88' lang='lat' dir='ltr'>statuas</span> <span class='ocrx_word' id='word_1_212' title='bbox 1047 3213 1124 3256; x_wconf 88' lang='lat' dir='ltr'>sana</span> <span class='ocrx_word' id='word_1_213' title='bbox 1147 3193 1232 3257; x_wconf 92' lang='lat' dir='ltr'>ratio</span> <span class='ocrx_word' id='word_1_214' title='bbox 1262 3192 1420 3274; x_wconf 85' lang='lat' dir='ltr'>postulat:</span> 
     </span>
     <span class='ocr_line' id='line_1_26' title="bbox 357 3296 1421 3382; baseline 0.001 -21"><span class='ocrx_word' id='word_1_215' title='bbox 357 3297 485 3361; x_wconf 88' lang='lat' dir='ltr'>dicendi</span> <span class='ocrx_word' id='word_1_216' title='bbox 508 3296 646 3363; x_wconf 87' lang='lat' dir='ltr'>formula</span> <span class='ocrx_word' id='word_1_217' title='bbox 669 3319 732 3380; x_wconf 88' lang='lat' dir='ltr'>qua</span> <span class='ocrx_word' id='word_1_218' title='bbox 755 3300 891 3382; x_wconf 91' lang='lat' dir='ltr'>primum</span> <span class='ocrx_word' id='word_1_219' title='bbox 915 3305 989 3380; x_wconf 90' lang='lat' dir='ltr'>post</span> <span class='ocrx_word' id='word_1_220' title='bbox 1013 3300 1179 3364; x_wconf 84' lang='lat' dir='ltr'>enuntiata</span> <span class='ocrx_word' id='word_1_221' title='bbox 1193 3301 1341 3381; x_wconf 83' lang='lat' dir='ltr'>negativa</span> <span class='ocrx_word' id='word_1_222' title='bbox 1357 3307 1421 3363; x_wconf 87' lang='lat' dir='ltr'>ute-</span> 
     </span>
     <span class='ocr_line' id='line_1_27' title="bbox 356 3404 1422 3503; baseline 0.002 -35"><span class='ocrx_word' id='word_1_223' title='bbox 356 3404 474 3469; x_wconf 85' lang='lat' dir='ltr'>bantur</span> <span class='ocrx_word' id='word_1_224' title='bbox 503 3405 550 3469; x_wconf 90' lang='lat' dir='ltr'>ita</span> <span class='ocrx_word' id='word_1_225' title='bbox 579 3404 711 3469; x_wconf 86' lang='lat' dir='ltr'>invaluit</span> <span class='ocrx_word' id='word_1_226' title='bbox 742 3411 774 3470; x_wconf 91' lang='lat' dir='ltr'>et</span> <span class='ocrx_word' id='word_1_227' title='bbox 798 3407 888 3488; x_wconf 90' lang='lat' dir='ltr'>quasi</span> <span class='ocrx_word' id='word_1_228' title='bbox 913 3406 1065 3470; x_wconf 90' lang='lat' dir='ltr'>obduruit</span> <span class='ocrx_word' id='word_1_229' title='bbox 1088 3411 1124 3471; x_wconf 90' lang='lat' dir='ltr'>ut</span> <span class='ocrx_word' id='word_1_230' title='bbox 1147 3406 1310 3503; x_wconf 75' lang='lat' dir='ltr'>paulatim</span> <span class='ocrx_word' id='word_1_231' title='bbox 1327 3409 1422 3472; x_wconf 85' lang='lat' dir='ltr'>etiam</span> 
     </span>
     <span class='ocr_line' id='line_1_28' title="bbox 357 3512 1153 3596; baseline 0.008 -22"><span class='ocrx_word' id='word_1_232' title='bbox 357 3517 431 3593; x_wconf 90' lang='lat' dir='ltr'>post</span> <span class='ocrx_word' id='word_1_233' title='bbox 454 3512 598 3576; x_wconf 88' lang='lat' dir='ltr'>membra</span> <span class='ocrx_word' id='word_1_234' title='bbox 620 3513 768 3594; x_wconf 84' lang='lat' dir='ltr'>negativa</span> <span class='ocrx_word' id='word_1_235' title='bbox 791 3513 938 3596; x_wconf 89' lang='lat' dir='ltr'>usurpari</span> <span class='ocrx_word' id='word_1_236' title='bbox 962 3518 1080 3596; x_wconf 90' lang='lat' dir='ltr'>coepta</span> <span class='ocrx_word' id='word_1_237' title='bbox 1103 3515 1153 3580; x_wconf 89' lang='lat' dir='ltr'>sit.</span> 
     </span>
    </p>

    <p class='ocr_par' dir='ltr' id='par_1_4' title="bbox 355 3618 1421 4131">
     <span class='ocr_line' id='line_1_29' title="bbox 423 3618 1419 3704; baseline 0.002 -23"><span class='ocrx_word' id='word_1_238' title='bbox 423 3618 578 3684; x_wconf 82' lang='lat' dir='ltr'>Formula</span> <span class='ocrx_word' id='word_1_239' title='bbox 604 3624 757 3704; x_wconf 81' lang='lat' dir='ltr'>„excepto</span> <span class='ocrx_word' id='word_1_240' title='bbox 774 3641 812 3684; x_wconf 90' lang='lat' dir='ltr'>eo</span> <span class='ocrx_word' id='word_1_241' title='bbox 828 3619 933 3702; x_wconf 83' lang='lat' dir='ltr'>quod“</span> <span class='ocrx_word' id='word_1_242' title='bbox 952 3619 1000 3684; x_wconf 91' lang='lat' dir='ltr'>bis</span> <span class='ocrx_word' id='word_1_243' title='bbox 1016 3621 1192 3685; x_wconf 89' lang='lat' dir='ltr'>invenitur:</span> <span class='ocrx_word' id='word_1_244' title='bbox 1217 3621 1248 3685; x_wconf 91' lang='lat' dir='ltr'>d.</span> <span class='ocrx_word' id='word_1_245' title='bbox 1264 3620 1315 3689; x_wconf 87' lang='lat' dir='ltr'>VI</span> <span class='ocrx_word' id='word_1_246' title='bbox 1335 3625 1361 3702; x_wconf 84' lang='lat'>1,</span> <span class='ocrx_word' id='word_1_247' title='bbox 1387 3625 1419 3684; x_wconf 78' lang='lat'>2:</span> 
     </span>
     <span class='ocr_line' id='line_1_30' title="bbox 357 3726 1421 3811; baseline 0.003 -23"><span class='ocrx_word' id='word_1_248' title='bbox 357 3747 472 3809; x_wconf 79' lang='lat' dir='ltr'>„quem</span> <span class='ocrx_word' id='word_1_249' title='bbox 495 3748 558 3790; x_wconf 92' lang='lat' dir='ltr'>non</span> <span class='ocrx_word' id='word_1_250' title='bbox 581 3727 684 3790; x_wconf 89' lang='lat' dir='ltr'>minus</span> <span class='ocrx_word' id='word_1_251' title='bbox 709 3748 804 3809; x_wconf 89' lang='lat' dir='ltr'>quam</span> <span class='ocrx_word' id='word_1_252' title='bbox 819 3726 937 3792; x_wconf 90' lang='lat' dir='ltr'>liberos</span> <span class='ocrx_word' id='word_1_253' title='bbox 955 3727 1102 3809; x_wconf 84' lang='lat' dir='ltr'>dilexisti,</span> <span class='ocrx_word' id='word_1_254' title='bbox 1127 3732 1263 3811; x_wconf 84' lang='lat' dir='ltr'>excepto</span> <span class='ocrx_word' id='word_1_255' title='bbox 1280 3749 1318 3792; x_wconf 95' lang='lat' dir='ltr'>eo</span> <span class='ocrx_word' id='word_1_256' title='bbox 1336 3727 1421 3810; x_wconf 89' lang='lat' dir='ltr'>quod</span> 
     </span>
     <span class='ocr_line' id='line_1_31' title="bbox 356 3833 1419 3919; baseline 0.002 -25"><span class='ocrx_word' id='word_1_257' title='bbox 356 3855 419 3897; x_wconf 90' lang='lat' dir='ltr'>non</span> <span class='ocrx_word' id='word_1_258' title='bbox 448 3833 580 3916; x_wconf 85' lang='lat' dir='ltr'>optabas</span> <span class='ocrx_word' id='word_1_259' title='bbox 604 3834 841 3916; x_wconf 78' lang='lat' dir='ltr'>superstitem“.</span> <span class='ocrx_word' id='word_1_260' title='bbox 881 3855 931 3916; x_wconf 90' lang='lat' dir='ltr'>ep.</span> <span class='ocrx_word' id='word_1_261' title='bbox 955 3857 996 3898; x_wconf 90' lang='lat' dir='ltr'>m.</span> <span class='ocrx_word' id='word_1_262' title='bbox 1022 3838 1075 3916; x_wconf 78' lang='grc'>25,</span> <span class='ocrx_word' id='word_1_263' title='bbox 1100 3839 1134 3897; x_wconf 77' lang='grc' dir='ltr'>2ε</span> <span class='ocrx_word' id='word_1_264' title='bbox 1172 3855 1231 3919; x_wconf 75' lang='lat' dir='ltr'>„ne</span> <span class='ocrx_word' id='word_1_265' title='bbox 1255 3834 1295 3898; x_wconf 86' lang='lat' dir='ltr'>de</span> <span class='ocrx_word' id='word_1_266' title='bbox 1319 3837 1419 3900; x_wconf 88' lang='lat' dir='ltr'>altero</span> 
     </span>
     <span class='ocr_line' id='line_1_32' title="bbox 355 3939 1420 4026; baseline 0.003 -22"><span class='ocrx_word' id='word_1_267' title='bbox 355 3940 481 4022; x_wconf 90' lang='lat' dir='ltr'>quidem</span> <span class='ocrx_word' id='word_1_268' title='bbox 498 3941 575 4004; x_wconf 87' lang='lat' dir='ltr'>satis</span> <span class='ocrx_word' id='word_1_269' title='bbox 590 3939 726 4006; x_wconf 90' lang='lat' dir='ltr'>fiduciae</span> <span class='ocrx_word' id='word_1_270' title='bbox 738 3940 852 4022; x_wconf 84' lang='lat' dir='ltr'>habeo,</span> <span class='ocrx_word' id='word_1_271' title='bbox 866 3946 1000 4025; x_wconf 84' lang='lat' dir='ltr'>excepto</span> <span class='ocrx_word' id='word_1_272' title='bbox 1017 3963 1055 4007; x_wconf 88' lang='lat' dir='ltr'>eo</span> <span class='ocrx_word' id='word_1_273' title='bbox 1069 3942 1157 4024; x_wconf 92' lang='lat' dir='ltr'>quod</span> <span class='ocrx_word' id='word_1_274' title='bbox 1169 3941 1275 4006; x_wconf 88' lang='lat' dir='ltr'>adhuc</span> <span class='ocrx_word' id='word_1_275' title='bbox 1287 3964 1420 4026; x_wconf 87' lang='lat' dir='ltr'>peccare</span> 
     </span>
     <span class='ocr_line' id='line_1_33' title="bbox 355 4047 691 4131; baseline 0 -19"><span class='ocrx_word' id='word_1_276' title='bbox 355 4047 532 4113; x_wconf 81' lang='lat' dir='ltr'>erubescit“</span> <span class='ocrx_word' id='word_1_277' title='bbox 558 4069 586 4112; x_wconf 92' lang='lat' dir='ltr'>e.</span> <span class='ocrx_word' id='word_1_278' title='bbox 610 4071 641 4131; x_wconf 89' lang='lat' dir='ltr'>q.</span> <span class='ocrx_word' id='word_1_279' title='bbox 666 4069 691 4112; x_wconf 89' lang='lat' dir='ltr'>s.</span> 
     </span>
    </p>

    <p class='ocr_par' dir='ltr' id='par_1_5' title="bbox 354 4154 1419 4346">
     <span class='ocr_line' id='line_1_34' title="bbox 442 4154 1419 4241; baseline 0 -23"><span class='ocrx_word' id='word_1_280' title='bbox 442 4154 548 4219; x_wconf 89' lang='lat' dir='ltr'>Multo</span> <span class='ocrx_word' id='word_1_281' title='bbox 578 4155 773 4239; x_wconf 75' lang='lat' dir='ltr'>frequentius</span> <span class='ocrx_word' id='word_1_282' title='bbox 810 4156 935 4241; x_wconf 63' lang='grc' dir='ltr'>,(1301α</span> <span class='ocrx_word' id='word_1_283' title='bbox 966 4155 1124 4238; x_wconf 87' lang='lat' dir='ltr'>particula</span> <span class='ocrx_word' id='word_1_284' title='bbox 1154 4155 1240 4239; x_wconf 90' lang='lat' dir='ltr'>apud</span> <span class='ocrx_word' id='word_1_285' title='bbox 1265 4155 1419 4221; x_wconf 87' lang='lat' dir='ltr'>Senecam</span> 
     </span>
     <span class='ocr_line' id='line_1_35' title="bbox 354 4261 1419 4346; baseline 0.001 -22"><span class='ocrx_word' id='word_1_286' title='bbox 354 4261 489 4326; x_wconf 87' lang='lat' dir='ltr'>infertur</span> <span class='ocrx_word' id='word_1_287' title='bbox 522 4267 598 4343; x_wconf 90' lang='lat' dir='ltr'>post</span> <span class='ocrx_word' id='word_1_288' title='bbox 630 4261 728 4327; x_wconf 89' lang='lat' dir='ltr'>verba</span> <span class='ocrx_word' id='word_1_289' title='bbox 764 4261 903 4346; x_wconf 79' lang='lat' dir='ltr'>„addo“,</span> <span class='ocrx_word' id='word_1_290' title='bbox 942 4262 1097 4346; x_wconf 80' lang='lat' dir='ltr'>„adicio“‚</span> <span class='ocrx_word' id='word_1_291' title='bbox 1136 4262 1311 4345; x_wconf 81' lang='lat' dir='ltr'>„accedit“‚</span> <span class='ocrx_word' id='word_1_292' title='bbox 1349 4284 1419 4327; x_wconf 92' lang='lat' dir='ltr'>cum</span> 
     </span>
    </p>
   </div>
   <div class='ocr_carea' id='block_1_3' title="bbox 0 0 1608 5208">
    <p class='ocr_par' dir='ltr' id='par_1_6' title="bbox 0 0 1608 5208">
     <span class='ocr_line' id='line_1_36' title="bbox 0 0 1608 5208; baseline 0 3"><span class='ocrx_word' id='word_1_293' title='bbox 0 0 1608 5208; x_wconf 95' lang='lat' dir='ltr'> </span> 
     </span>
    </p>
   </div>
  </div>
 </body>
</html>
