3206 5208
803 544 1022 604 -54-

380 723 515 802 spectat.
551 718 607 784 sed
631 719 679 783 his
701 720 778 800 ipsis
805 721 974 802 „quoniam
990 768 998 782 .
1014 770 1020 782 .
1036 771 1042 781 .
1059 720 1204 784 videtur³
1227 722 1441 802 inexspectato

381 826 578 908 interpositis
608 825 641 890 id
669 825 767 890 efficit
797 828 947 908 scriptor,
978 832 1014 890 ut
1045 849 1142 908 quam
1171 829 1266 891 inane
1294 827 1335 889 sit
1358 827 1443 889 istius

380 931 465 998 modi
491 933 617 1014 donum,
647 955 711 1015 quo
736 956 812 998 arca
835 934 1016 1016 impleatur,
1041 957 1080 998 eo
1103 934 1295 998 luculentius
1318 933 1444 998 demon·

380 1044 470 1104 stret.
505 1039 647 1104 similiter
670 1062 721 1104 res
745 1061 779 1105 se
803 1040 901 1104 habet
923 1040 963 1104 de
987 1040 1060 1104 ben.
1076 1041 1124 1107 IV
1151 1046 1204 1121 32,
1228 1046 1264 1103 2:
1292 1044 1445 1121 „regnent

380 1145 421 1226 hi,
445 1147 520 1230 quia
543 1146 713 1211 virbonus
737 1147 866 1230 quidam
890 1154 965 1211 ante
989 1170 1129 1230 proavus
1159 1168 1269 1212 eorum
1297 1147 1370 1228 fuit,
1393 1148 1446 1230 qui

379 1253 518 1318 animum
543 1275 641 1336 supra
663 1253 824 1318 fortunam
850 1256 966 1336 gessit,
999 1256 1108 1338 quiin
1132 1254 1330 1318 dissensione
1355 1253 1444 1332 civili,

379 1361 528 1444 quoniam
553 1361 597 1426 ita
621 1361 811 1444 expediebat
834 1363 879 1425 rei
902 1362 1059 1445 publicae,
1092 1363 1174 1425 vinci
1203 1383 1300 1444 quam
1323 1361 1445 1424 vincere

380 1468 521 1534 maluii“.
558 1469 732 1534 membrum
768 1471 937 1553 „quoniam
1043 1472 1089 1534 rei
1118 1468 1284 1553 publicae“
1318 1489 1445 1533 causam

379 1577 520 1658 suggerit
544 1577 709 1640 enuntiato
740 1578 813 1660 „qui
916 1577 997 1641 vinci
1027 1599 1123 1659 quam
1152 1578 1278 1640 vincere
1301 1575 1443 1639 maluit“.

379 1683 587 1749 ‹milncatione
618 1685 837 1750 artificiosiore
866 1685 942 1749 nihil
972 1690 1098 1768 spectat
1121 1683 1287 1766 Annaeus
1321 1685 1384 1747 nisi
1410 1689 1444 1746 ut

379 1791 539 1874 innitimini,
575 1813 671 1874 quam
704 1793 735 1856 in
771 1793 877 1856 animo
909 1792 1017 1874 habeb,
1056 1793 1159 1875 „vinei
1192 1813 1289 1874 quam
1321 1792 1443 1854 vincere

378 1898 508 1963 1nnluit“
534 1898 677 1982 legentes
702 1921 739 1964 eo
757 1898 870 1964 fortius
887 1903 1097 1964 commoveat.
1123 1898 1223 1962 simile
1243 1897 1321 1981 quid
1338 1897 1443 1961 obser-

379 2026 451 2070 vare
477 2005 573 2070 (latur
596 2006 627 2070 in
652 2006 824 2070 enuntiatis
848 2029 867 2071 a
892 2007 1006 2090 „quia“
1032 2005 1257 2088 pendentibus.
1282 2004 1340 2068 sed
1357 2005 1444 2068 dere

380 2132 436 2194 por
460 2134 493 2175 no
518 2111 604 2178 clara
628 2118 659 2178 et
683 2118 796 2194 aperta
820 2113 918 2176 semei
940 2113 1102 2177 monuisse
1126 2110 1273 2175 sufficiet.

450 2218 495 2284 lie
529 2219 697 2284 modorum
726 2227 800 2302 post
829 2219 1020 2303 „quoniam“
1053 2239 1112 2282 usu
1140 2218 1217 2281 nihil
1245 2217 1313 2281 fere
1341 2217 1443 2281 habeo

379 2325 614 2408 muniminum.
643 2349 707 2392 non
732 2325 838 2392 differt
863 2324 986 2390 Seneca
1009 2347 1131 2390 amore
1146 2325 1353 2406 reliquorum.
1379 2323 1445 2387 ubi-

378 2454 439 2516 «μω
465 2433 561 2514 igitur
584 2433 786 2499 irniicativum
811 2433 955 2498 adiunxit
977 2437 1108 2515 praeter
1126 2431 1232 2495 locum
1249 2430 1289 2494 de
1305 2430 1379 2494 ben.
1396 2431 1445 2497 IV

379 2547 408 2618 Η,
422 2544 454 2604 a:
472 2541 528 2624 „si,
542 2541 626 2622 qnod
641 2563 660 2606 a
670 2539 793 2605 Seneca
803 2538 1138 2622 accepisses,Annaeo
1149 2544 1182 2602 te
1192 2537 1310 2602 debere
1323 2537 1446 2601 diceres

380 2645 552 2728 colliario,
578 2668 641 2712 non
665 2647 857 2712 crerlitorem
879 2651 1032 2727 mutares
1057 2644 1113 2710 sed
1133 2665 1258 2724 nomen,
1283 2644 1444 2727 quoniam,

378 2753 441 2818 sivo
465 2775 659 2838 praenomen
684 2755 750 2818 eins
774 2755 839 2818 sive
862 2775 978 2818 nomen
1004 2753 1137 2816 dixisses
1160 2751 1224 2815 sive
1253 2771 1444 2832 cognomen,

378 2859 459 2926 idum
484 2867 591 2926 tamen
615 2861 666 2928 illc
691 2863 807 2927 esseb‘.
848 2883 942 2944 quem
970 2859 1206 2924 coniunctivum
1234 2858 1445 2921 exoratione

377 2967 588 3034 ‹uindicimnili
613 2968 834 3052 explicandum
859 2989 927 3032 esse
951 2968 1109 3030 neminem
1132 2965 1296 3048 praeterit.

445 3073 589 3160 Denique
622 3075 703 3140 seire
736 3075 829 3141 velim
861 3075 997 3138 lectores
1029 3073 1068 3137 de
1095 3073 1169 3137 ben.
1194 3071 1244 3138 VI
1267 3075 1297 3152 9,
1323 3075 1353 3151 2,
1378 3091 1443 3151 quo

377 3181 448 3246 ioco
484 3181 652 3248 b'inirertus
688 3188 720 3248 et
755 3182 896 3246 Haasius
931 3180 1101 3263 praebent:
1139 3199 1217 3262 „nec
1251 3177 1300 3240 his
1333 3181 1442 3241 tamen

379 3288 562 3354 bmnnicimn
587 3289 748 3373 (iniremus,
782 3290 931 3372 quoniam
963 3293 1055 3352 extra
1078 3308 1204 3351 sensum
1230 3283 1326 3348 officii
1350 3305 1441 3348 casus

376 3399 456 3478 unffi,
482 3419 499 3459 n
523 3396 632 3461 (aulico
657 3396 687 3462 N
715 3396 828 3480 „quia“
854 3396 1039 3460 restitutum
1063 3414 1133 3458 esse
1150 3415 1169 3456 a
1185 3390 1329 3472 Garine,
1354 3391 1439 3472 quod

376 3524 469 3587 quum
495 3509 582 3568 reete
608 3526 640 3568 so
665 3503 780 3570 habeat
804 3505 835 3567 in
860 3502 1031 3587 propatulo
1055 3506 1113 3565 est.

869 3663 942 3750 §4

807 3769 1012 3854 Quando

445 3912 619 3998 „Qrirunlo“
647 3913 805 3998 particula
829 3913 964 3978 causalis
988 3914 1074 3995 apud
1095 3911 1250 3976 Senecam
1274 3909 1438 3991 quinquies

374 4027 499 4086 inunum
524 4043 625 4104 enque
650 4043 720 4086 cum
744 4021 916 4086 indicativo
940 4021 1110 4084 coniuncta
1132 4017 1331 4099 invenitur¹).

448 4181 467 4252 ¹)
490 4183 639 4252 ,‚Qiirrri‹lii“
663 4183 797 4252 particula
816 4182 971 4252 composita
990 4187 1039 4248 est,
1059 4181 1081 4234 si
1096 4178 1278 4234 Solimalzium
1295 4176 1314 4229 l.
1327 4176 1345 4228 l.
1359 4175 1375 4243 ἕ
1387 4177 1438 4227 266

375 4273 521 4342 sequimur,
546 4291 578 4328 ex
601 4275 713 4342 „quam“
736 4277 764 4328 cb
782 4290 851 4328 voce
870 4271 997 4327 enclitica
1019 4271 1095 4339 „do“.
1134 4267 1251 4323 Scherer
1278 4266 1307 4320 in
1334 4265 1437 4330 libelle,
