3206 5208
775 573 995 633 „30-

352 746 459 828 debet,
482 746 571 830 quod
594 768 658 811 nou
682 745 722 810 ab
746 745 810 812 alio
833 748 985 830 petitur“.
1010 769 1074 829 quo
1091 769 1163 811 cum
1180 746 1326 829 exemplo
1343 751 1417 828 apte

350 859 564 936 componetur
586 876 616 916 n.
634 875 687 936 qu.
704 853 773 920 VH
791 859 821 935 1,
839 859 867 934 3,
893 854 947 919 ubi
964 854 1072 919 similis
1088 853 1276 918 observatur
1291 853 1418 918 dicendi

350 960 444 1025 ratio.
468 983 542 1026 nam
566 965 640 1044 post
660 961 757 1025 verba
774 971 915 1044 ,quanto
931 961 986 1026 illa
1001 962 1123 1026 maiora
1138 963 1231 1026 sunt“
1250 961 1418 1045 quinquies

350 1067 482 1133 effertur
505 1068 632 1152 ,quod“
658 1068 817 1150 particula
839 1089 899 1151 per
913 1069 1112 1151 anaphoram
1128 1070 1281 1150 repetita:
1311 1069 1418 1153 ,quod

350 1175 400 1240 sol
432 1175 578 1257 totidem,
612 1181 649 1238 ut
681 1175 727 1240 ita
759 1175 875 1257 dicam,
910 1176 1028 1258 gradus
1056 1181 1136 1259 quot
1164 1176 1231 1240 dies
1258 1175 1356 1241 habet
1387 1181 1419 1240 et

350 1305 467 1347 annum
490 1283 626 1347 circuitu
649 1304 708 1348 suo
733 1282 861 1362 claudit,
886 1283 974 1366 quod
998 1305 1017 1348 a
1039 1283 1177 1348 solstitio
1202 1281 1257 1370 [ad
1277 1284 1417 1347 minuen-

351 1390 410 1455 dos
433 1389 500 1454 dies
524 1390 669 1469 vertitur,
693 1389 782 1473 quod
805 1413 824 1454 a
847 1388 999 1477 solstitio]
1023 1396 1142 1455 statum
1164 1389 1298 1454 inclinat
1314 1395 1347 1454 et
1364 1389 1418 1454 dat

349 1496 499 1561 noctibus
529 1497 680 1578 spatium,
713 1497 800 1579 quod
833 1498 940 1562 sidera
972 1497 1150 1579 abscondit,
1183 1497 1271 1579 quod
1304 1503 1417 1576 terras,

351 1626 423 1668 cum
446 1608 540 1668 tanto
563 1604 668 1669 maior
690 1604 731 1668 sit
753 1604 825 1685 illis,
848 1626 913 1669 non
937 1606 1012 1684 urit,
1043 1605 1101 1669 sed
1119 1654 1126 1666 .
1144 1656 1151 1670 .
1171 1654 1178 1667 .
1202 1603 1299 1686 fovet,
1331 1604 1417 1686 quod

349 1710 457 1776 lunam
486 1732 659 1793 numquam
687 1709 799 1792 implet
821 1711 881 1775 nisi
905 1711 1071 1775 adversam
1094 1710 1154 1774 sibi
1177 1732 1281 1792 neque
1306 1710 1416 1775 obscu-

350 1819 433 1881 rat“.
471 1839 555 1881 unco
581 1816 743 1881 damnavit
766 1816 863 1881 verba
888 1818 951 1900 ,ad
974 1817 1187 1882 minuendos.
1205 1866 1238 1880 ..
1256 1817 1414 1882 solstiti0“

350 1923 501 1991 Haasius
535 1922 632 1988 semel
662 1924 789 2006 repperi
814 1923 896 2006 ,hoc
919 1924 1021 2008 ipsum
1044 1923 1170 2007 qu0d“:
1204 1924 1243 1987 dc
1267 1923 1340 1989 ben.
1363 1922 1417 1987 HI

352 2035 403 2111 30,
427 2034 459 2093 4.
494 2029 543 2094 bis
578 2035 684 2093 exstat
719 2029 800 2114 ,hoc
832 2053 929 2094 unum
954 2079 961 2095 .
988 2081 995 2093 .
1022 2081 1029 2093 .
1063 2031 1189 2112 quod“:
1226 2051 1255 2092 n.
1281 2052 1334 2112 qu.
1362 2029 1416 2092 HI

351 2139 482 2216 27,12;
508 2136 575 2202 VH
599 2141 629 2218 6,
656 2141 690 2218 3,
717 2158 833 2220 ,unum
856 2137 919 2201 hoc
941 2143 1066 2202 tantum
1085 2187 1092 2199 .
1112 2186 1145 2199 ..
1169 2137 1277 2219 quod“
1303 2137 1418 2218 legitur

351 2264 382 2307 n.
407 2265 460 2325 qu.
484 2244 502 2306 1
528 2249 558 2324 7,
583 2248 617 2306 3:
654 2266 770 2326 ,unum
801 2244 863 2309 hoc
893 2250 1018 2309 tantum
1046 2244 1231 2309 solvendum
1259 2245 1336 2308 milri
1360 2249 1415 2324 est,

352 2351 439 2433 quod
471 2372 536 2414 non
569 2351 680 2414 visitur
711 2352 743 2414 in
775 2352 838 2415 ista
867 2352 991 2434 virgula
1023 2351 1099 2416 solis
1128 2352 1257 2433 imago“
1284 2373 1311 2415 e.
1337 2372 1367 2432 q.
1391 2371 1415 2413 s.

354 2457 644 2542 „illud...qu0d“
670 2459 810 2522 occurrit
833 2459 952 2523 sexies:
977 2459 1218 2540 (1.ΧΠ14,],
1251 2480 1282 2524 n.
1307 2479 1359 2539 qu.
1381 2456 1416 2519 H

354 2568 407 2644 53,
435 2568 468 2645 1,
499 2564 569 2631 VH
594 2570 623 2648 7,
651 2569 684 2646 1,
717 2586 768 2647 ep.
792 2587 833 2628 m.
860 2570 912 2647 50,
939 2570 972 2646 7,
1009 2570 1061 2648 59,
1089 2568 1143 2647 11,
1176 2565 1216 2629 de
1240 2586 1318 2628 rem.
1342 2562 1414 2628 fort.

351 2669 422 2737 XV
454 2675 481 2733 1.
517 2691 696 2752 pronomen
734 2671 826 2754 ,ille‘
863 2672 961 2736 semel
1000 2672 1096 2736 etiam
1133 2670 1249 2755 plurali
1283 2691 1414 2734 numero

351 2777 497 2860 ponitur,
531 2777 650 2859 legitur
682 2778 756 2862 ,illa
779 2827 787 2840 .
813 2828 820 2840 .
846 2830 854 2844 .
888 2778 995 2861 quod“
1026 2800 1058 2842 n.
1083 2800 1136 2861 qu.
1166 2777 1236 2845 VH
1262 2782 1291 2859 1,
1317 2781 1346 2856 3,
1377 2777 1415 2840 de

352 2904 416 2965 quo
446 2884 518 2948 loco
550 2884 613 2948 iam
644 2906 743 2966 supra
764 2884 883 2948 monui.
918 2885 970 2970 ,id
996 2907 1095 2948 unum
1112 2933 1120 2947 .
1138 2933 1172 2947 ..
1197 2883 1304 2966 quod“
1334 2883 1414 2946 inve-

350 2991 454 3054 nimus
477 3012 508 3056 n.
533 3012 563 3073 q.
589 2990 639 3059 VI
660 2994 690 3073 2,
715 2996 750 3074 3,
780 2992 1041 3074 interrogativum
1073 2990 1189 3074 „quid“
1218 2991 1251 3054 in
1275 2989 1414 3053 enuntia-

352 3097 440 3162 tione
463 3098 614 3180 primaria
637 3098 777 3180 positum
800 3105 850 3163 est
865 3105 932 3163 ter:
958 3099 988 3164 d.
1005 3098 1056 3166 VI
1075 3103 1126 3179 19,
1145 3101 1180 3161 3:
1208 3097 1303 3181 „quid
1319 3097 1415 3180 igitur

351 3209 396 3285 tc,
419 3203 555 3286 Marcia,
586 3205 714 3270 movet?
746 3211 854 3269 utrum
884 3205 969 3286 quod
992 3205 1074 3268 lilius
1097 3211 1172 3268 tuus
1196 3204 1344 3286 decessit,
1376 3225 1414 3267 an

352 3312 440 3394 quod
463 3333 528 3376 uon
552 3311 605 3375 diu
621 3312 755 3376 vixit?“.
786 3334 895 3395 epm.
912 3316 966 3394 44,
991 3318 1025 3394 7,
1049 3317 1103 3393 85,
1128 3317 1183 3392 22,
1209 3310 1307 3376 semel
1329 3331 1414 3392 repe-

351 3419 433 3482 ritur
459 3418 556 3502 „quid
579 3424 627 3482 cst
651 3417 737 3483 aliud
754 3469 762 3480 .
781 3467 788 3482 .
807 3467 814 3481 .
831 3439 926 3500 quam
954 3417 1078 3500 quod“:
1109 3439 1140 3484 n.
1166 3439 1217 3500 qu.
1242 3418 1280 3481 H
1305 3421 1356 3494 32,
1382 3422 1398 3479 7
1406 3439 1413 3478 :

355 3525 451 3609 ,quid
475 3531 525 3589 est
547 3546 646 3607 porro
674 3524 774 3606 aliud,
807 3524 895 3608 quod
922 3545 1063 3589 errorem
1089 3525 1259 3588 maximum
1284 3523 1415 3588 incutiat

352 3632 464 3716 peritis
493 3631 657 3714 natalium,
693 3653 787 3714 quam
823 3632 910 3714 quod
939 3632 1050 3715 paucis
1084 3652 1142 3695 nos
1174 3631 1330 3697 sideribus
1363 3629 1414 3695 ad-

352 3739 498 3821 signant“
525 3760 553 3803 e.
578 3761 608 3821 q.
633 3760 658 3805 S.
684 3740 779 3804 semel
802 3739 968 3822 praecedit
992 3739 1119 3822 ,nescio
1144 3738 1255 3821 quid“:
1280 3738 1320 3802 de
1342 3738 1413 3801 ben.

352 3845 422 3914 VH
451 3851 503 3928 30,
535 3851 570 3910 2:
609 3847 737 3931 ⁷,nescio
773 3847 851 3929 quid
883 3853 942 3928 est,
977 3846 1064 3929 quod
1094 3867 1176 3927 cum,
1209 3846 1260 3908 cui
1292 3850 1414 3910 tantum

353 3953 473 4035 debuit,
486 3952 570 4018 ferre
582 3975 647 4018 non
660 3954 833 4036 potuerit“.
862 3955 1018 4036 sagaciter
1029 3953 1191 4036 perspexit
1202 3952 1415 4017 Rossbachius

351 4060 373 4124 l.
390 4079 416 4126 c.
433 4082 464 4143 p.
485 4063 546 4122 147
574 4060 671 4145 ,haec
695 4081 764 4125 esse
788 4061 886 4126 verba
908 4060 997 4124 tertii
1013 4059 1175 4124 cuiusdam
1192 4059 1339 4140 hominis,
1363 4058 1415 4140 qui

354 4188 427 4231 cum
441 4167 587 4250 ingratus
602 4167 654 4232 ille
670 4169 709 4249 ei,
733 4189 832 4250 aquo
849 4166 1036 4232 beneficium
1053 4167 1187 4250 accepit,
1211 4167 1414 4246 convicietur,

352 4272 560 4338 mirabundus
575 4273 607 4338 in
623 4273 678 4337 illa
693 4273 791 4337 verba
805 4274 1017 4356 prorumpit“.
1049 4273 1146 4336 semel
1163 4273 1301 4337 occurrit
1320 4271 1415 4354 ,nihil
