3206 5208
611 530 833 592 „21-

169 727 319 789 -crepare
349 705 441 789 alios,
472 727 538 771 non
566 706 642 789 quia
670 705 747 788 odit,
781 704 839 770 sed
868 705 901 770 in
928 705 1104 770 remedium
1131 704 1255 772 iubet“.

186 812 390 878 manifestum
414 817 463 876 est
486 833 614 876 sensum
635 813 739 877 inesse
762 811 867 877 verbis
890 812 989 877 hunc:
1025 812 1107 896 ,ille‚
1132 813 1183 877 cui
1206 833 1254 877 sa-

185 920 305 1003 pientia
321 919 464 1002 contigit,
488 941 554 984 non
572 917 673 985 odit“.
708 918 940 1003 exspectandus
961 919 1059 1002 igitur
1074 923 1124 985 est
1138 919 1253 984 modus

150 1086 156 1095 .
187 1026 417 1108 coniunctivus,
441 1024 568 1090 Reussii
584 1025 611 1090 si
626 1047 701 1090 vera
718 1030 766 1090 est
783 1025 976 1091 observatio.
1012 1047 1084 1090 cum
1105 1023 1154 1090 his
1173 1025 1253 1092 locis

187 1153 345 1216 compono
368 1133 498 1198 tertium
522 1132 577 1214 qui
600 1137 651 1198 est
674 1131 704 1196 d.
721 1132 757 1196 H
784 1135 834 1215 12,
860 1137 895 1196 3:
922 1138 975 1217 ,et
998 1129 1169 1215 aliquando
1194 1132 1253 1219 (sc.

186 1241 326 1326 sapiens)
357 1239 428 1304 illos
459 1244 623 1321 tamquam
650 1259 767 1322 pueros
793 1239 878 1304 malo
907 1259 1075 1322 poenaque
1102 1238 1255 1304 admonet

185 1345 327 1436 [afficit],
357 1368 422 1412 non
455 1347 531 1429 quia
561 1346 686 1429 accepit
716 1346 881 1430 iniuriam,
913 1344 969 1411 sed
1001 1347 1076 1429 quia
1106 1345 1251 1412 fecerunt

186 1459 219 1519 et
242 1460 278 1518 ut
302 1454 448 1519 desinant
471 1452 612 1518 facere“.
651 1473 763 1518 sensus
783 1453 835 1518 hic
857 1457 919 1518 est:
947 1453 1092 1538 ,sapiens
1108 1454 1254 1519 iniuriam

185 1583 250 1627 non
280 1562 430 1646 accipit“.
466 1581 544 1644 ergo
571 1560 649 1625 illud
680 1562 877 1647 „sapientem
900 1562 1062 1644 accepisse
1085 1561 1251 1627 iniuriam“

186 1670 378 1752 cogitatione
407 1668 578 1734 adsecutus
608 1674 656 1734 est
680 1669 819 1752 scriptor
842 1690 914 1734 cum
937 1670 1007 1752 ipsa
1029 1669 1165 1734 veritate
1188 1690 1252 1734 non

186 1777 384 1841 conveniens.
432 1776 575 1841 eiusdem
597 1797 674 1842 vero
698 1781 847 1841 monetae
871 1781 945 1840 sunt
968 1776 1066 1841 haece
1091 1776 1253 1858 exempla:

185 1884 225 1950 de
248 1884 321 1949 ben.
345 1883 401 1950 III
423 1888 453 1964 7,
471 1887 506 1946 3:
535 1888 610 1969 ,aut
633 1884 665 1947 in
687 1883 743 1949 illo
769 1882 827 1968 (sc.
853 1882 929 1965 quid
951 1881 1155 1966 magnificum
1179 1885 1251 1969 est),

185 1992 238 2073 qui
254 1990 373 2074 reddit,
388 2012 454 2057 non
471 1991 545 2074 quia
561 1991 639 2072 vult,
655 1990 712 2054 sed
729 1991 804 2074 quia
818 2011 949 2056 necesse
967 1990 1057 2055 est?“
1084 1991 1135 2060 lV
1148 1996 1200 2074 26,
1214 1997 1251 2056 21

187 2099 252 2182 ,sic
280 2119 390 2162 omnes
417 2098 518 2163 malos
547 2098 797 2180 intemperantes
831 2097 974 2180 dicimus,
1008 2119 1130 2180 avaros,
1161 2099 1250 2163 luxu-

184 2205 299 2287 riosae,
323 2205 492 2288 malignos,
523 2225 588 2270 non
613 2204 688 2287 quia
711 2205 818 2269 omnia
840 2204 903 2270 ista
926 2205 1056 2288 singulis
1080 2225 1195 2289 magna
1218 2211 1251 2270 et

184 2317 264 2376 nota
292 2312 369 2376 vitia
398 2316 482 2393 sunt,
510 2310 567 2376 sed
591 2311 666 2395 quia
689 2331 757 2376 esse
779 2314 947 2394 pessuma
979 2310 1030 2378 IV
1055 2314 1106 2392 32,
1132 2316 1166 2375 2;
1200 2312 1252 2396 „in

183 2418 266 2482 illius
290 2423 472 2501 respectum
495 2418 556 2483 iste
579 2419 700 2501 populo
723 2416 917 2502 praesideat,
941 2439 1005 2482 non
1029 2418 1104 2501 quia
1120 2419 1180 2483 scit
1195 2423 1252 2483 aut

183 2530 302 2609 potest,
327 2525 384 2591 sed
408 2525 482 2609 quia
504 2523 584 2589 alius
607 2546 667 2608 pro
691 2524 746 2590 illo
770 2526 920 2590 meruit“.
944 2525 995 2592 VI
1018 2528 1103 2606 4,1:
1131 2525 1252 2609 ,multa

184 2638 268 2714 sunt,
292 2638 423 2716 propter
446 2653 529 2715 quae
549 2631 737 2696 beneficium
755 2631 873 2698 debere
890 2631 1070 2714 desinimus,
1095 2654 1160 2698 non
1176 2633 1252 2715 quia

126 2822 129 2826 ¹
183 2740 339 2823 ablatum,
371 2740 428 2805 sed
456 2739 531 2823 quia
554 2745 741 2823 corruptum
765 2740 847 2806 esu.
879 2739 930 2806 VI
953 2743 984 2822 4,
1008 2743 1045 2804 4:
1081 2738 1251 2824 ,colonum

183 2867 275 2912 suum
297 2870 363 2914 non
386 2853 475 2914 tenet
499 2850 641 2932 quamvis
658 2847 784 2915 tabellis
799 2846 1011 2930 manentibus,
1037 2849 1091 2930 qui
1107 2854 1248 2931 segetem

182 2954 249 3018 eius
276 2955 483 3037 proculcavit,
518 2954 571 3039 qui
595 2956 732 3020 succidit
755 2954 897 3037 arbusta,
930 2976 995 3020 non
1020 2956 1095 3037 quia
1118 2955 1248 3037 reecpit,

182 3061 270 3142 quod
285 3062 460 3145 pepigerat,
486 3059 543 3126 sed
559 3063 643 3144 quia,
667 3083 706 3126 ne
722 3061 890 3143 reciperet,
913 3060 1050 3126 effecit“.
1075 3061 1125 3128 VI
1145 3064 1194 3143 16,
1211 3066 1249 3125 4:

184 3169 281 3250 „quid
305 3190 382 3251 ergo
407 3173 467 3251 est,
492 3189 590 3251 quare
613 3168 682 3232 istis
707 3168 841 3232 multum
865 3167 1060 3233 debeamus?
1088 3189 1152 3232 non
1175 3169 1250 3251 quia

181 3274 282 3356 pluris
294 3281 353 3358 est,
367 3276 453 3358 qued
466 3274 685 3357 vendiderunt,
699 3297 795 3357 quam
807 3274 950 3357 6111111116,
964 3275 1020 3340 sed
1033 3275 1125 3357 (11116ιι
1142 3297 1169 3340 6.
1181 3297 1211 3357 q.
1222 3297 1247 3342 s.

181 3382 232 3450 VI
256 3386 308 3465 25,
336 3387 369 3447 1:
404 3383 471 3467 ,his
495 3382 629 3464 ingratis
654 3387 686 3448 et
713 3383 955 3466 repudiantibus
985 3382 1152 3458 beneficia,
1183 3404 1248 3447 non

182 3491 257 3572 quia
290 3492 421 3572 nolunt,
456 3490 513 3554 sed
547 3511 586 3554 ne
620 3488 768 3573 debeant,
804 3490 921 3555 similes
956 3490 1063 3556 sunt“.
1097 3511 1130 3553 n.
1154 3490 1249 3572 qul

179 3597 259 3680 prol.
287 3602 341 3662 16:
376 3597 507 3683 ,quanti
530 3597 679 3662 aestimas
702 3597 766 3662 ista
789 3617 982 3680 cognoscere
1011 3602 1044 3661 et
1067 3596 1161 3661 rebus
1185 3601 1247 3660 ter-

179 3703 280 3767 minos
312 3703 458 3786 ponere?
498 3707 653 3786 quantum
688 3704 766 3772 deus
801 3704 903 3786 possit
1020 3708 1053 3768 et
1083 3725 1102 3768 a
1129 3724 1244 3786 magno

179 3807 300 3873 artifice
323 3831 420 3889 prave
444 3809 544 3873 multa
566 3807 752 3890 formentur,
777 3831 843 3874 non
867 3810 941 3892 quia
965 3814 1070 3873 cessat
1093 3831 1156 3891 ars,
1187 3809 1244 3875 sed

179 3915 254 3997 quia
276 3915 320 3997 id,
351 3917 384 3980 in
408 3937 470 3999 quo
495 3920 671 3997 exercetur,
705 3937 800 3999 saepe
827 3917 1041 4000 inobsequens
1065 3917 1127 3981 arti
1150 3916 1243 3981 6611α

177 4021 211 4089 V
236 4026 287 4104 17,
316 4026 346 4086 l:
374 4024 439 4106 ,sic
463 4043 556 4087 casus
580 4043 636 4088 sex
660 4023 803 4104 dicimus,
828 4045 893 4088 non
916 4025 991 4108 quia
1014 4044 1107 4089 omne
1131 4043 1245 4088 nomen

178 4150 233 4192 sex
256 4128 379 4211 recipit,
404 4129 461 4194 sed
484 4131 559 4212 quia
583 4128 701 4194 nullum
723 4131 832 4214 plures
856 4152 951 4213 quam
974 4131 1062 4194 sex“.
1091 4129 1142 4197 VI
1162 4134 1191 4210 2,
1210 4135 1243 4194 9:

181 4236 227 4320 ,si
250 4235 429 4302 cadendum
459 4243 517 4319 est,
549 4236 663 4301 cadam
692 4237 770 4302 orbe
802 4258 967 4318 concusso,
1000 4258 1065 4301 non
1097 4237 1171 4319 quia
1196 4235 1245 4302 fas
