3206 5208
627 513 824 572 ,7.-

190 685 314 769 aliquot
344 707 383 751 ex
411 684 645 767 Bambergensi
672 684 781 750 codice
812 689 845 750 et
867 682 1139 768 Argentoratensi
1163 685 1257 750 editis

189 812 282 856 nemo
305 792 418 856 nescit.
442 792 476 854 in
492 791 634 874 epistulis
651 791 747 856 etiam
764 788 807 856 G.
823 790 1028 856 Windhausii
1043 789 1141 856 libelli
1163 811 1256 874 peru-

189 899 254 962 tilis
279 900 333 981 qui
356 898 541 964 inscribitur
567 897 723 983 „varietas
745 897 892 962 lectionis
916 896 957 962 ad
980 896 1021 961 L.
1044 895 1089 962 A.
1114 895 1256 963 Senecae

189 1004 340 1087 epistulas
374 1027 391 1070 e
424 1004 495 1072 cod.
519 1003 751 1086 Bambergensi
784 1005 935 1069 enotata“
968 1004 1032 1082 (ed.
1058 1003 1202 1069 Darmst.
1226 1027 1256 1070 a.

190 1111 290 1198 1879)
314 1112 470 1176 rationem
492 1110 591 1175 habui
611 1131 669 1174 nec
685 1132 750 1176 non
766 1111 1000 1176 dissertationis
1016 1133 1113 1193 quam
1128 1111 1257 1194 scripsit

187 1217 282 1284 Aem.
306 1219 446 1283 Hermes
469 1217 636 1301 (Meursae
660 1238 689 1282 a.
717 1217 829 1303 1876).
852 1217 933 1282 haec
956 1218 1086 1301 quidem
1109 1218 1151 1282 ad
1175 1218 1255 1301 epis-

187 1326 326 1390 tularum
359 1331 485 1407 partem
518 1324 653 1390 alteram
685 1325 867 1411 (ee-124)
902 1325 1075 1407 pertinent.
1109 1325 1256 1392 codicum

156 1463 157 1466 ¹
188 1437 295 1497 autem
318 1432 547 1513 Parisinorum,
579 1431 634 1514 qui
661 1431 693 1496 iu
724 1430 920 1497 recensenda
949 1432 1171 1514 prioreparte
1194 1453 1255 1516 pro

186 1539 393 1606 fundamento
405 1538 545 1604 habendi
557 1545 641 1619 sunt,
658 1560 773 1604 novam
791 1539 994 1604 collationem
1009 1540 1148 1605 instituit
1158 1539 1255 1604 Aem.

187 1645 354 1712 Chatelain
378 1645 488 1710 Lutet.
513 1667 542 1710 a.
564 1649 646 1708 1877
673 1644 788 1730 (renue
812 1649 853 1710 de
867 1649 984 1727 philol.
1009 1667 1104 1712 nouo.
1125 1646 1256 1712 rdrch

187 1776 219 1837 p.
246 1757 306 1818 101
332 1751 401 1838 ss).
447 1772 507 1816 uec
534 1751 731 1834 neglegenda
754 1756 845 1816 erant
868 1773 904 1816 ea
928 1750 1081 1817 librorum
1104 1753 1255 1835 subsidia,

187 1881 268 1943 quae
300 1859 333 1923 in
369 1858 629 1943 „quaestionibus
664 1857 884 1923 naturalibus“
920 1859 952 1923 in
986 1879 1116 1924 censum
1148 1860 1255 1924 venire

186 1988 289 2049 nuper
312 1966 443 2032 edocuit
460 1963 622 2048 Georgius
639 1964 778 2029 Mueller
793 1964 929 2030 Bonnae
953 1987 981 2030 a.
1001 1969 1097 2029 1886.
1121 1966 1256 2050 denique
1345 2017 1347 2022 .

189 2074 309 2156 optime
339 2071 378 2137 de
406 2071 561 2138 librorum
595 2071 775 2157 „quomodo
805 2072 946 2137 amicitie
973 2072 1165 2137 continenda
1192 2073 1253 2137 sit“

192 2180 251 2263 „de
269 2180 332 2245 vita
348 2180 470 2262 patris“
496 2178 555 2262 „de
577 2177 724 2244 remediis
739 2179 966 2244 fortuitorum“
990 2180 1131 2262 reliquiis
1147 2201 1255 2245 receu-

187 2286 294 2351 sendis
324 2286 429 2350 meriti
464 2292 539 2350 sunt
569 2284 611 2352 G.
636 2285 874 2351 Studemundus
907 2292 939 2351 et
971 2283 1010 2352 Ο.
1035 2285 1254 2351 Rossbachius

186 2394 382 2479 (Brerlauer
405 2396 523 2475 philol.
552 2395 712 2457 elelandi.
740 2393 777 2456 II
808 2414 836 2457 a.
868 2392 984 2479 1888),
1017 2413 1151 2476 quorum
1179 2393 1254 2458 huic

185 2506 357 2583 praeterea
379 2498 535 2564 librorum
561 2499 620 2583 „de
637 2498 747 2564 clem.“
766 2501 868 2581 partis
884 2500 1019 2564 amissae
1035 2520 1152 2564 novum
1168 2498 1252 2582 frag-

185 2611 328 2671 mentum
351 2607 384 2670 11
403 2606 508 2670 lucem
529 2605 718 2689 protrahere
736 2607 871 2689 contigit
895 2606 1120 2671 dissertatione
1135 2605 1253 2672 Rosto-

185 2713 303 2778 chiensi
332 2734 414 2795 quae
441 2712 626 2784 inscribitur
655 2712 931 2797 „disquisitionum
963 2711 1002 2777 de
1033 2711 1174 2778 Senecae
1197 2711 1252 2776 filii

185 2820 312 2902 scriptis
337 2819 520 2884 criticarum
545 2819 653 2900 capita
675 2819 730 2884 11⁶⁴
758 2819 971 2886 Vratisleviae
995 2819 1206 2884 ed.a.1882.

250 2927 290 2990 In
323 2925 608 2991 commemorandis
644 2925 774 3008 singulis
809 2925 886 2990 locis
919 2947 989 2990 eam
1023 2947 1092 2990 sum
1124 2930 1252 2991 secutus

184 3033 352 3114 rationem,
375 3036 412 3096 ut
435 3053 557 3115 paucos
581 3037 707 3096 tantum
730 3032 874 3114 integros
891 3031 1115 3114 rescriberem,
1140 3033 1194 3114 qni
1210 3033 1251 3097 ad

184 3161 276 3203 usum
299 3138 529 3221 particularum
552 3138 773 3203 illustrandum
797 3139 932 3203 maxime
957 3138 1065 3203 idonei
1089 3139 1165 3203 mihi
1182 3162 1251 3204 esse

183 3244 393 3326 videbantur3
431 3244 573 3327 reliquos
610 3245 749 3309 numeris
787 3245 945 3310 indicasse
984 3250 1156 3310 contentus
1193 3245 1250 3310 fui.

184 3351 298 3434 quibus
322 3351 505 3435 praemissis
527 3353 559 3415 in
582 3351 703 3416 medias
727 3374 779 3416 res
803 3374 912 3417 eamus
935 3358 1032 3436 atque
1055 3353 1179 3417 initium
1202 3375 1250 3418 su·

183 3480 305 3524 memus
328 3459 369 3523 ab
394 3459 628 3524 coniunctionis
653 3460 767 3543 „quia“
794 3481 864 3524 usu.

679 3619 697 3706 ξ
724 3624 753 3682 1.

641 3723 745 3808 Quia
761 3728 794 3810 ¹).

249 3847 450 3931 Quamquam
474 3848 712 3914 concedendum
737 3855 785 3915 est
808 3850 923 3932 „quia“
942 3851 1201 3915 coniunctionem
1217 3851 1249 3913 in

182 3955 362 4020 universum
382 3956 468 4038 apud
485 3953 640 4021 Senecam
665 3955 778 4021 eodem
802 3978 902 4039 prope
926 3978 990 4039 quo
1014 3956 1100 4039 apud
1124 3961 1249 4022 ceteros

256 4132 443 4202 ι)11,,,1111“
469 4133 622 4200 particulae
646 4133 751 4204 origine
780 4134 948 4188 enucleanda
972 4134 1109 4202 duplicem
1133 4135 1249 4204 ingressi

182 4225 246 4275 sunt
272 4221 345 4276 viam
369 4222 493 4276 homines
516 4222 600 4276 docti.
629 4222 691 4288 alii,
715 4228 746 4276 ut
766 4222 934 4277 Schmalzius
964 4224 1026 4289 „lat
1046 4222 1139 4292 Synt.“
1162 4225 1249 4290 §254
