3206 5208
590 575 806 635 ...53-

167 751 210 812 sit
233 749 444 814 decernenda.
489 771 587 814 causa
610 771 692 833 quae
715 751 798 814 inest
812 749 845 815 in
861 748 1123 812 antecedentibus
1147 769 1233 831 repe·

165 857 248 919 titur
279 862 393 938 postea
427 878 483 938 per
514 856 711 939 subsequens
745 855 943 920 enuntiatum
972 877 1010 919 ex
1042 856 1232 939 „quoniam“

166 983 365 1045 suspensum.
385 962 529 1028 conferas
545 985 664 1046 quaeso
681 964 751 1046 ipsa
767 963 919 1044 exempla.
945 961 986 1027 de
1001 961 1073 1028 ben.
1087 962 1120 1030 V
1135 966 1185 1043 12,
1202 966 1233 1024 7:

169 1091 268 1152 ,ergo
292 1069 369 1133 nibil
392 1074 501 1152 potest
517 1069 558 1134 ad
573 1070 674 1135 malos
691 1069 864 1153 pervenire,
889 1068 977 1151 quod
999 1069 1114 1151 prosit,
1138 1069 1235 1134 immo

166 1175 256 1257 nihil,
293 1176 378 1258 quod
412 1198 475 1240 101
509 1183 643 1258 1000011
678 1197 896 1259 quaecumque
931 1176 1014 1240 01111
1043 1175 1103 1239 illis
1136 1176 1235 1239 00111-

166 1288 294 1366 gerunt,
322 1285 354 1347 in
385 1289 531 1348 naturam
560 1305 651 1347 suam
675 1288 804 1347 vertunt
827 1289 860 1347 et
883 1288 974 1347 extra
997 1284 1141 1366 speciosa
1162 1304 1234 1365 pro-

166 1389 350 1473 futuraque,
374 1391 401 1453 si
417 1390 601 1454 melioribus
618 1390 780 1471 darentur,
802 1389 862 1453 illis
879 1388 1031 1473 pestifera
1046 1395 1130 1454 sunt.
1161 1390 1235 1455 ideo

167 1516 228 1559 nec
249 1495 436 1560 beneficium
460 1496 537 1560 dare
560 1502 705 1580 possunt,
730 1496 876 1579 quoniam
897 1517 992 1561 nemo
1008 1501 1126 1578 potest,
1150 1495 1234 1578 quod

167 1601 357 1682 nonhabet,
375 1601 471 1667 dare“
493 1624 520 1666 e.
534 1625 564 1685 q.
579 1625 604 1666 s.
639 1624 689 1684 ep.
706 1625 747 1666 m.
767 1605 818 1683 74,
839 1606 894 1664 19:
923 1602 1053 1685 ,paucis
1076 1602 1236 1684 deponere

133 1751 135 1755 .
166 1708 355 1773 felicitatem
375 1708 513 1772 molliter
532 1710 631 1776 licuit.
664 1709 762 1773 ceteri
785 1730 855 1772 cum
877 1709 926 1790 iis,
950 1710 1033 1773 inter
1055 1730 1137 1792 quae
1161 1709 1235 1772 emi-

168 1837 279 1896 nuere,
307 1815 458 1879 labnntur
482 1820 514 1879 et
542 1815 613 1880 illos
637 1814 813 1898 degravant
834 1817 915 1898 ipsa,
940 1837 1021 1898 quae
1046 1815 1235 1880 extulerant.

169 1922 245 1986 ideo
269 1921 473 1986 adhibebitur
496 1923 676 2004 prudentia,
701 1943 782 2005 quae
806 1923 935 1987 modum
966 1923 1026 1987 illis
1054 1930 1111 1989 aut
1138 1924 1235 2004 parsi-

168 2029 307 2092 moniam
324 2029 476 2110 impouat,
498 2030 645 2111 quoniam
670 2029 798 2111 quidem
818 2029 946 2094 licentia
963 2050 1040 2110 opes
1056 2050 1129 2092 suas
1145 2050 1235 2110 prae-

169 2135 284 2218 cipitat
308 2140 405 2217 atque
429 2135 554 2217 urged.

237 2241 319 2306 Post
344 2264 382 2306 ea
405 2263 487 2324 quae
512 2264 609 2325 supra
624 2242 665 2306 de
681 2242 847 2325 principali
863 2242 1039 2324 particulae
1056 2241 1236 2325 significatu

170 2349 246 2425 dixi,
276 2349 327 2412 vix
357 2349 470 2412 mirum
501 2348 659 2413 videbitur
685 2348 774 2432 quod
804 2355 909 2415 exstat
933 2351 1028 2414 etiam
1051 2349 1151 2431 locus,
1181 2350 1237 2412 ubi

172 2455 249 2538 ,sed
274 2453 444 2537 (1101111111ιι
470 2455 646 2520 introducit
668 2456 702 2520 id
726 2457 925 2520 enuntiatum
948 2478 1012 2540 quo
1035 2478 1110 2521 vera
1140 2478 1237 2521 causa

171 2562 354 2626 continetur
392 2561 648 2644 indubitatoque,
684 2584 755 2626 cum
787 2562 862 2627 ficta
893 2569 926 2627 et
953 2565 1044 2646 quasi
1074 2585 1132 2645 per
1161 2585 1235 2652 Ι001-

169 2671 324 2732 iecturam
347 2669 454 2750 posita
478 2669 631 2734 afferatur
646 2691 704 2751 per
725 2670 918 2754 ,10101110ιι
937 2692 1008 2734 cum
1025 2670 1235 2735 coniunctivo.

170 2780 219 2840 est
244 2775 346 2856 locus,
380 2775 469 2839 cuius
497 2776 560 2839 iam
593 2796 691 2857 supra
719 2781 851 2858 propter
880 2775 975 2840 aliam
999 2797 1127 2841 oausam
1150 2798 1236 2840 meu·

170 2883 291 2946 tionem
314 2882 478 2946 iniecimus
502 2906 532 2946 1.
550 2905 603 2965 qu.
621 2883 652 2950 V
674 2887 722 2964 17,
744 2887 774 2945 1:
803 2883 927 2966 ,placet
944 2888 1050 2947 autem
1070 2882 1237 2947 duodecim

170 2993 282 3052 ventos
306 3010 385 3068 esse,
411 3011 475 3053 101
491 2989 565 3072 quia
581 2989 700 3072 ubique
717 2995 768 3054 tot
784 2989 857 3071 sint,
879 2990 1035 3073 quosdam
1052 2990 1136 3054 01111
1151 2990 1237 3054 inoli-

170 3096 259 3160 11110
272 3099 431 3159 terrarum
445 3095 596 3178 excludit,
610 3096 666 3160 sed
679 3097 831 3178 quoniam
843 3119 998 3180 nusquam
1010 3096 1117 3180 plures
1129 3099 1236 3162 sunt“.

238 3201 394 3267 Fortasse
417 3202 478 3267 hac
495 3203 663 3268 occasione
686 3203 795 3267 oblata
811 3225 926 3286 operae
942 3204 1080 3285 pretium
1097 3209 1146 3268 est
1162 3205 1238 3268 addi

171 3309 291 3392 aliquid
321 3311 360 3374 de
388 3310 542 3392 singulari
566 3311 704 3394 quadam
729 3311 883 3375 enuntiati
906 3334 926 3376 a
952 3312 1139 3396 ,quoniam“
1165 3333 1237 3394 par-

170 3417 270 3480 ticula
297 3417 467 3498 pendentis
492 3417 713 3482 collocatione.
757 3417 806 3482 bis
834 3419 917 3484 euim
946 3418 1008 3482 boc
1038 3421 1237 3482 enuntiatum

172 3524 263 3606 quasi
286 3524 317 3586 iu
341 3524 525 3606 parenthesi
549 3525 732 3608 appositum
756 3526 797 3589 ad
820 3547 917 3589 uuam
940 3547 1051 3590 vocem
1078 3525 1236 3608 explican-

172 3630 246 3694 dam
270 3636 416 3712 spectare
440 3630 574 3713 videtur,
598 3636 635 3694 ut
657 3637 765 3696 tamen
788 3654 823 3696 re
846 3653 921 3696 vera
937 3632 978 3696 ad
994 3638 1097 3697 totam
1114 3637 1236 3696 senten·

171 3738 248 3801 tiam
273 3738 314 3800 sit
337 3737 548 3819 referendum,
574 3761 638 3820 qua
661 3737 879 3804 artificiosiore
902 3739 1117 3804 membrorum
1141 3739 1237 3804 collo-

172 3846 300 3909 catione
317 3843 439 3910 Seneca
461 3847 668 3929 principalem
689 3847 843 3912 euuntiati
860 3848 1050 3912 sententiam
1067 3870 1104 3913 eo
1120 3847 1236 3912 clarius

171 3957 245 4016 aute
278 3953 389 4017 oculos
420 3954 522 4034 ponit.
556 3975 595 4016 01
624 3953 802 4036 exemplum
832 3954 871 4018 de
895 3954 967 4018 ben.
990 3954 1042 4022 IV
1066 3959 1096 4036 6,
1123 3959 1156 4018 1:
1191 3956 1237 4038 ,si

172 4059 339 4141 pecuniam
363 4059 421 4123 tibi
445 4060 559 4142 aliquis
583 4059 748 4124 donaverit
771 4065 803 4124 et
826 4082 930 4124 arcam
955 4066 1053 4143 tuam,
1087 4063 1236 4144 quoniam

172 4166 230 4230 tibi
254 4166 287 4230 id
310 4187 459 4248 magnum
483 4166 618 4248 videtur,
641 4166 828 4250 impleverit,
860 4166 1047 4232 beneficium
1074 4167 1235 4234 vocabis“.

175 4273 346 4356 ,quoniam
372 4324 377 4334 .
402 4322 408 4336 .
433 4323 439 4335 .
465 4273 608 4337 videtur“
645 4272 685 4336 ad
720 4279 821 4338 totam
856 4275 1011 4338 enuntiati
1046 4276 1235 4340 senteutiam
