3206 5208
810 522 1007 579 -6-÷·

372 690 476 756 silium
506 691 602 756 etiam
629 690 692 756 hoc
721 689 862 757 habebat
891 690 1051 756 commodi
1077 695 1114 756 ut
1144 711 1183 755 ex
1211 691 1255 756 eis
1279 712 1371 773 quae
1384 691 1439 755 alii

372 797 412 861 de
444 794 631 879 Quintiliani
661 797 774 861 harum
807 798 1068 863 coniunctionum
1092 819 1162 879 usu,
1187 796 1227 861 de
1258 796 1373 878 Taciti,
1399 796 1439 861 de

373 901 519 968 Suetonii
543 904 793 987 disputaverant,
817 905 849 968 in
873 925 976 968 meam
992 903 1181 969 observandi
1201 904 1358 969 rationem
1373 926 1440 968 non

371 1009 447 1074 nibil
469 1009 592 1074 fructus
616 1010 824 1092 redundaret.v
854 1017 986 1100 namut
1009 1012 1042 1074 in
1068 1011 1249 1074 universum
1271 1010 1440 1075 Kuehneri

371 1118 598 1201 grammaticae
621 1116 740 1182 latinae
756 1100 913 1182 uberioris
938 1117 1012 1204 (vol.
1029 1117 1067 1181 Π
1081 1123 1166 1199 part.
1184 1123 1203 1181 2
1220 1117 1270 1182 ed.
1287 1117 1439 1182 Haunov.

372 1223 686 1310 a.1879)'rationes
710 1224 743 1287 in
766 1221 967 1306 disponentia
989 1224 1125 1288 materia
1141 1231 1270 1288 secutus
1287 1245 1366 1303 sum,
1389 1225 1440 1288 ita

372 1331 417 1394 eis
435 1331 564 1413 quaein
581 1329 714 1395 eandem
730 1352 798 1395 rem
814 1330 1013 1414 collegerunt
1030 1329 1103 1397 Oar.
1121 1331 1276 1395 Reussius
1293 1331 1346 1410 (de
1362 1351 1438 1395 con-

370 1437 569 1501 iunctionum
583 1436 757 1501 causalium
770 1436 856 1519 apud
869 1436 1017 1501 Tacitum
1029 1459 1088 1502 usu
1101 1436 1176 1500 Hal.
1192 1435 1266 1501 Sax.
1281 1458 1309 1501 a.
1325 1437 1438 1522 1876),

371 1543 467 1606 Edm.
481 1540 688 1608 Guentherus
712 1543 766 1628 (de
791 1543 951 1608 coniunct.
969 1543 1087 1608 eausal.
1104 1543 1191 1626 apud
1207 1541 1439 1625 Quintilianum

371 1671 430 1714 usu
446 1649 522 1714 Hal.
541 1645 615 1713 Sar.
633 1671 661 1713 a.
682 1650 792 1732 1881),
817 1649 911 1714 Aem.
937 1649 1177 1714 Trachmannus
1200 1649 1254 1734 (de
1278 1651 1439 1714 coniunct.

372 1756 490 1820 causal.
508 1756 594 1839 apud
611 1753 729 1821 Gaium
746 1754 937 1822 Suetonium
954 1756 1175 1839 Tranquillum
1190 1777 1249 1820 usu
1266 1755 1343 1821 Hal.
1361 1752 1438 1820 Sax.

371 1877 401 1927 a.
421 1861 521 1949 1886)
545 1862 632 1927 haud
654 1863 859 1928 mediocriter
881 1885 932 1927 me
956 1863 1100 1927 adiutum
1124 1883 1194 1927 esse
1218 1868 1310 1946 grato
1334 1863 1439 1927 animo

371 1969 537 2052 profiteor.
567 1992 760 2053 quamquam
782 1990 845 2035 uon
870 1970 980 2034 deesse
1002 1969 1095 2035 facile
1118 1969 1294 2053 apparebit,
1323 1969 1439 2052 quibus

371 2099 390 2140 a
412 2077 463 2140 via
486 2097 581 2159 quam
604 2077 649 2140 illi
672 2076 812 2141 inierunt
834 2077 1018 2141 recesserim
1040 2097 1104 2140 non
1127 2077 1224 2141 modo
1242 2076 1329 2159 quod
1346 2099 1438 2141 suum

374 2184 509 2267 quisque
532 2184 697 2249 modulum
720 2185 854 2266 requirit
877 2185 1015 2268 scriptor
1037 2185 1170 2268 aliisque
1193 2185 1273 2249 aliae
1297 2206 1439 2250 succres-

372 2312 444 2355 cere
467 2291 572 2356 solent
596 2291 846 2373 observationes,
879 2291 935 2356 sed
964 2291 1060 2356 etiam
1092 2291 1180 2375 quod
1211 2293 1439 2374 grammaticae

370 2397 498 2462 illorum
528 2398 670 2464 rationes
703 2419 768 2464 non
799 2398 917 2480 ubique
946 2399 1022 2462 mihi
1051 2399 1209 2480 probatae
1240 2404 1341 2464 eraut.
1382 2400 1440 2463 sed

372 2504 411 2569 de
427 2504 488 2569 hac
505 2505 633 2587 quidem
649 2526 683 2569 re
699 2526 800 2588 penes
824 2505 904 2569 alios
928 2505 1081 2569 iudicium
1106 2506 1176 2569 erit.
1201 2505 1337 2588 denique
1361 2505 1440 2570 libet

370 2612 563 2677 mentionem
595 2610 702 2676 facere
731 2609 900 2676 Schmalzii
932 2613 1070 2696 syntaxis
1097 2612 1215 2676 latinae
1240 2611 1439 2696 Nordlingae

371 2739 399 2782 a.
420 2719 504 2782 1885
528 2717 648 2800 publici
670 2718 748 2782 iuris
763 2718 878 2801 factae,
903 2740 998 2800 quam
1014 2718 1142 2801 saepius
1157 2740 1222 2783 non
1239 2719 1304 2783 sine
1321 2719 1440 2784 emolu-

371 2828 479 2888 mento
509 2824 632 2907 inspexi
657 2824 717 2909 (Iv.
741 2823 893 2888 Muelleri
922 2823 1127 2908 ,Handbuclr
1150 2824 1181 2888 d.
1205 2823 1300 2888 klass.
1328 2823 1439 2889 Alter-

371 2929 537 2993 thumsw.“
563 2929 601 2993 II
624 2953 655 3013 p.
681 2930 881 3017 240--3o4).

438 3033 519 3099 Cum
542 3058 643 3101 novae
664 3036 820 3102 librorum
835 3059 931 3101 manu
948 3038 1142 3120 scriptorum
1159 3036 1345 3102 collationes
1361 3037 1438 3100 mihi

371 3162 434 3204 non
467 3148 597 3223 praesto
632 3149 748 3226 essent,
780 3144 813 3207 in
844 3143 995 3226 exemplis
1030 3142 1209 3208 adferendis
1240 3143 1438 3208 Haasianam

371 3248 553 3331 editionem,
584 3271 679 3333 quam
702 3249 847 3315 Fickerti
876 3256 1034 3334 apparatu
1065 3250 1176 3315 crit-ico
1205 3251 1297 3315 inniti
1325 3255 1438 3314 notum

371 3360 431 3437 est,
461 3355 591 3420 adhibui
615 3357 757 3440 exceptis
781 3358 826 3421 eis
850 3358 948 3436 libris,
980 3380 1116 3441 quorum
1143 3359 1285 3422 recensio
1308 3359 1436 3422 interim

371 3463 586 3528 recentiorum
610 3463 774 3529 hominum
795 3465 962 3530 doctorum
979 3465 1063 3530 curis
1079 3464 1121 3529 ad
1137 3465 1279 3530 saniores
1295 3465 1438 3530 rationes

370 3575 521 3635 revocata
544 3575 603 3634 est.
636 3570 791 3636 librorum
818 3572 915 3655 igitur
946 3572 1005 3657 „de
1028 3571 1209 3636 beneficiis“
1236 3575 1267 3634 et
1294 3571 1352 3656 „de
1376 3571 1437 3636 cle-

370 3676 507 3741 mentia“
534 3677 675 3742 editione
705 3699 781 3742 usus
814 3699 884 3742 sum
913 3678 1087 3744 aGertzio
1119 3683 1231 3743 curata
1259 3677 1381 3756 (Berol.
1406 3701 1435 3743 a.

374 3783 472 3867 1876)
498 3782 702 3866 eiusdemque
733 3784 972 3868 ,dialogorum“
1004 3785 1187 3849 recensione
1217 3805 1297 3867 quae
1328 3783 1437 3848 decem

371 3887 461 3951 annis
483 3893 560 3970 post
583 3889 703 3971 prodiit
718 3890 877 3955 Hauniae.
912 3891 1259 3976 ,,61166616611111166111ιι
1285 3891 1379 3955 citavi
1394 3890 1437 3954 ad

370 3991 536 4058 Francisci
552 3993 744 4059 Buecheleri
767 3997 984 4062 recensionem
1000 3997 1146 4062 Petronii
1170 4004 1349 4062 saturarum
1373 3997 1435 4061 edi-

371 4099 451 4164 tioni
471 4101 586 4166 tertiae
603 4101 762 4166 adiectam
779 4102 903 4189 (Berol.
920 4125 948 4167 a.
968 4105 1079 4190 1882),
1107 4105 1161 4187 qui
1185 4110 1339 4186 quantum
1363 4126 1435 4187 pro-

370 4205 466 4269 fuerit
481 4207 577 4271 etiam
593 4208 841 4292 ,epistularum“
858 4209 931 4274 crisi
948 4231 986 4273 ex
1002 4216 1073 4274 arte
1085 4210 1280 4276 factitandae
1292 4210 1435 4292 epistulis
