3206 5208
798 525 1013 586 ..42-

372 699 501 783 „quidni
529 700 693 782 gauderet,
729 700 815 783 quod
848 701 930 764 iram
963 721 1053 764 suam
1083 699 1174 763 multi
1204 699 1438 782 intellegerent,

369 806 655 872 nemosenti1·et?“
683 806 722 871 de
739 807 830 870 olem.
848 807 865 869 I
887 811 917 886 9,
937 811 973 889 7,
997 806 1038 870 de
1053 806 1125 873 ben.
1141 808 1176 870 Π
1195 811 1247 887 35,
1265 810 1303 889 4,
1328 829 1378 889 ep.
1394 829 1438 872 m.

371 917 400 992 5,
429 916 465 994 1,
495 918 547 995 29,
574 918 608 994 7,
640 917 693 994 99,
719 917 754 993 3,
787 912 849 976 huc
880 913 1021 996 pertinet
1053 914 1150 978 etiam
1182 913 1222 978 de
1251 935 1331 978 rem.
1363 914 1438 979 fort.

368 1020 466 1102 XIV,
494 1023 527 1083 l:
565 1018 785 1104 „naufragium
808 1018 879 1084 feci.
912 1021 1019 1103 cogita
1051 1042 1116 1085 non
1147 1021 1224 1104 quid
1248 1020 1438 1103 perdideris,

370 1127 425 1191 sed
442 1128 556 1209 gaude,
581 1128 669 1210 quod
685 1127 854 1192 evaseris.“
881 1149 945 1210 quo
969 1127 1042 1193 loco
1066 1149 1184 1210 sequor
1199 1127 1439 1192 Rossbachium

371 1235 515 1317 ,gaude“
540 1239 615 1299 ante
641 1234 768 1319 ,quod“
793 1236 987 1298 inserentem
1010 1235 1106 1318 idque
1128 1241 1263 1318 propter
1279 1236 1438 1300 concinni·

369 1346 468 1405 tatem
493 1362 565 1405 oum
589 1340 693 1406 verbis
718 1363 800 1423 quae
825 1340 975 1424 deinceps
999 1348 1177 1424 sequuntur
1191 1341 1269 1406 ibid.
1285 1341 1386 1423 XIV,
1403 1347 1436 1406 2:

373 1447 457 1531 „noli
480 1448 570 1531 queri
594 1448 682 1531 quod
705 1448 864 1527 incideriS,
890 1448 993 1529 gaude
1017 1449 1103 1531 quod
1129 1447 1309 1530 effugeris“.
1335 1448 1366 1511 d.
1383 1449 1438 1513 XI

372 1558 423 1636 lo,
446 1560 465 1618 6
489 1554 561 1620 vide
583 1555 668 1620 iufra
690 1554 749 1618 sub
776 1576 926 1636 „moveor
949 1556 1069 1638 quod“.
1112 1577 1224 1640 ,gemo
1243 1604 1250 1617 .
1270 1604 1304 1619 ..
1328 1555 1434 1638 quod“

368 1660 409 1725 de
431 1660 504 1726 ben.
528 1661 578 1729 VI
603 1667 655 1744 32,
674 1667 710 1726 2;
737 1682 896 1744 ,gemeus,
922 1662 1009 1744 quod
1032 1684 1098 1727 non
1120 1662 1175 1725 illa
1197 1661 1325 1726 silentio
1349 1683 1437 1744 pres·

369 1768 478 1850 sisset,
514 1789 595 1850 quae
627 1773 694 1832 tam
726 1767 780 1832 diu
804 1768 992 1833 nescierat.“
1034 1769 1073 1832 de
1104 1790 1183 1833 rem.
1206 1767 1284 1833 fort.
1308 1769 1375 1851 XI,
1401 1772 1436 1831 3:

373 1873 522 1958 ,demens
553 1875 662 1956 gemis,
693 1875 844 1939 miserum
872 1879 906 1938 te
937 1874 1092 1956 clamitas,
1122 1874 1208 1957 quod
1238 1873 1355 1956 opibus
1385 1897 1436 1939 ex·

369 2001 480 2044 cussus
496 1981 564 2045 es“.
588 1980 643 2058 nbi
666 1986 801 2064 apparet
824 1981 1025 2046 enuntiatum
1045 2003 1084 2046 ex
1103 1981 1228 2066 „quod“
1247 2001 1436 2063 suspensum

369 2087 410 2151 ad
440 2092 610 2170 utrumque
641 2087 771 2152 verbum
802 2088 942 2171 ,gemis“
968 2093 1001 2153 et
1026 2088 1194 2173 „miserum
1217 2094 1250 2152 te
1273 2085 1437 2152 clamitas“

369 2193 571 2259 referendum
596 2216 676 2259 esse.
702 2194 805 2278 ,male
828 2194 932 2259 habeo
951 2243 958 2258 .
977 2243 983 2257 .
1003 2246 1009 2260 .
1028 2196 1135 2277 quod“
1162 2195 1303 2259 occurrit
1327 2217 1435 2277 epm.

372 2304 445 2380 122,
472 2305 529 2365 14:
565 2301 694 2384 „itaque
723 2301 806 2365 male
838 2301 968 2380 habent,
1002 2301 1151 2384 quotiens
1182 2301 1315 2376 faciunt,
1350 2301 1435 2384 quod

369 2407 496 2472 excidat
517 2408 636 2472 1611611.
677 2407 847 2491 ,indignor
865 2457 871 2471 .
891 2457 898 2471 .
917 2457 924 2471 .
941 2408 1048 2491 quod“
1075 2407 1107 2471 d.
1130 2408 1167 2471 H
1186 2411 1237 2488 17,
1255 2412 1289 2470 2,
1318 2406 1436 2491 „Chry-

369 2517 480 2598 sippus
503 2517 548 2581 ait
572 2516 732 2599 quendam
754 2517 970 2599 indignatum,
1003 2516 1091 2599 quod
1120 2515 1209 2580 illum
1232 2515 1346 2598 aliquis
1369 2537 1435 2580 ver·

367 2645 475 2688 venem
509 2624 666 2688 marinum
702 2623 861 2690 dixerat“.
897 2623 936 2689 de
970 2623 1044 2688 ben.
1078 2623 1128 2689 IV
1159 2627 1190 2704 2,
1218 2625 1249 2686 4.
1288 2621 1435 2705 ,indigne

369 2729 438 2794 fero
458 2782 464 2796 .
484 2780 491 2792 .
511 2781 516 2793 .
535 2731 641 2812 quod“
668 2732 798 2811 (1.112,
820 2735 855 2794 l:
888 2752 1011 2814 „nuper
1034 2752 1105 2794 oum
1130 2729 1295 2793 incidisset
1316 2729 1435 2793 mentio

367 2837 415 2901 M.
440 2836 583 2920 Catonis,
614 2838 742 2922 indigne
771 2838 906 2919 ferebas,
1038 2836 1125 2920 quod
1155 2835 1312 2901 Catonem
1347 2841 1436 2900 aetas

367 2966 426 3009 sua
447 2966 559 3027 parum
584 2944 812 3009 intellexisset“
832 2967 858 3009 e.
876 2967 906 3027 q.
925 2966 949 3010 a.
982 2944 1133 3028 „infestus
1157 2965 1226 3007 sum
1244 2990 1252 3005 .
1271 2994 1277 3008 .
1297 2998 1303 3011 .
1325 2942 1431 3023 quod“

367 3051 397 3116 d.
416 3051 466 3117 VI
484 3055 513 3131 3,
532 3055 567 3114 3:
598 3053 718 3135 ,invisat
740 3051 886 3116 haerebis
909 3052 940 3115 iu
964 3051 1034 3115 luce
1059 3056 1091 3115 et
1114 3051 1213 3114 aetati
1237 3055 1323 3130 tuae,
1348 3048 1434 3131 quod

367 3179 430 3222 nou
462 3159 654 3241 praecipitet
683 3165 716 3223 te
745 3181 840 3241 quam
873 3159 1008 3240 primum
1037 3162 1070 3221 et
1099 3157 1196 3237 liniat,
1230 3156 1435 3220 infestissima

367 3265 461 3329 611611.
498 3266 715 3348 „irascor...
742 3265 850 3348 quod“
881 3266 911 3329 d.
936 3265 971 3328 H
998 3268 1047 3344 18,
1078 3267 1113 3326 4:
1147 3275 1203 3347 „at
1230 3262 1313 3328 idem
1338 3260 1434 3327 Caius

368 3374 474 3438 omnia
508 3372 719 3437 contumelias
753 3377 890 3455 putabat
925 3421 933 3435 .
959 3421 966 3434 .
994 3421 999 3433 .
1035 3371 1137 3435 iratus
1172 3369 1232 3434 suit
1266 3369 1433 3434 Herennio

367 3479 491 3561 Macm,
523 3480 608 3562 quod
636 3479 723 3544 illum
746 3477 858 3543 Caium
884 3479 1109 3544 salutaverat&
1144 3477 1174 3540 d.
1198 3477 1230 3544 V
1255 3482 1308 3558 30,
1333 3482 1371 3558 2,
1401 3476 1434 3544 V

367 3591 419 3666 31,
440 3591 474 3668 1,
498 3587 530 3654 V
554 3591 606 3668 37,
626 3592 660 3667 2,
683 3586 715 3653 V
740 3592 823 3668 8,6,
849 3586 888 3649 de
911 3585 984 3650 ben.
1007 3585 1043 3648 H
1068 3589 1098 3665 3,
1124 3589 1154 3647 2.
1178 3606 1217 3648 ex
1240 3583 1433 3666 reliquorum

365 3715 462 3777 grege
486 3693 644 3758 eximatur
660 3692 690 3756 d.
708 3694 763 3757 111
780 3698 833 3774 20,
850 3698 881 3775 8,
906 3692 960 3757 ubi
983 3691 1098 3775 legitur
1124 3690 1317 3774 ,quodque“
1343 3710 1432 3773 prae·

366 3801 499 3866 cedente
523 3800 624 3864 altero
649 3801 790 3883 „quod‘tz
819 3797 962 3882 „sicutO
990 3797 1120 3878 Caesar,
1144 3798 1198 3880 qui
1214 3797 1316 3860 iratus
1333 3796 1432 3877 caelo,

365 3908 453 3991 quod
488 3907 692 3989 obstreperet
726 3907 941 3989 pantomimis,
1065 3904 1215 3987 quodque
1248 3903 1431 3969 comissatio

365 4036 424 4078 sua
452 4013 635 4078 fulminibus
665 4015 861 4078 terreretur“
897 4036 923 4078 6.
949 4036 979 4096 q.
1004 4033 1030 4078 s.
1068 4011 1192 4095 „laetor
1216 4061 1223 4076 .
1250 4059 1256 4073 .
1283 4060 1290 4074 .
1324 4011 1429 4094 quod“

365 4144 416 4204 cp.
440 4143 483 4185 m.
509 4126 560 4201 52,
587 4125 644 4184 ll:
680 4120 776 4206 ,qnid
807 4120 947 4201 laetaris,
980 4120 1069 4202 quod
1100 4119 1141 4183 ab
1171 4118 1353 4183 hominibus
1385 4118 1432 4182 his

364 4228 514 4294 laudatus
539 4229 619 4292 es?“
663 4228 780 4313 „miror
805 4276 812 4291 .
839 4276 846 4290 .
873 4281 878 4293 .
904 4228 1011 4311 quod“
1046 4226 1077 4291 d.
1101 4227 1173 4290 XII
1200 4229 1252 4307 19,
1276 4231 1310 4289 6:
1340 4230 1432 4312 „post
