<?xml version="1.0" encoding="UTF-8"?>
<!DOCTYPE html PUBLIC "-//W3C//DTD XHTML 1.0 Transitional//EN"
    "http://www.w3.org/TR/xhtml1/DTD/xhtml1-transitional.dtd">
<html xmlns="http://www.w3.org/1999/xhtml" xml:lang="en" lang="en">
 <head>
  <title>
</title>
<meta http-equiv="Content-Type" content="text/html;charset=utf-8" />
  <meta name='ocr-system' content='tesseract 3.04.00' />
  <meta name='ocr-capabilities' content='ocr_page ocr_carea ocr_par ocr_line ocrx_word'/>
</head>
<body>
  <div class='ocr_page' id='page_1' title='image "./observationesan00rieggoog_0010.png"; bbox 0 0 3206 5208; ppageno 0'>
   <div class='ocr_carea' id='block_1_1' title="bbox 161 1398 1239 4292">
    <p class='ocr_par' dir='ltr' id='par_1_1' title="bbox 164 1398 1239 3742">
     <span class='ocr_line' id='line_1_1' title="bbox 238 1398 1239 1517; baseline 0.005 -24"><span class='ocrx_word' id='word_1_1' title='bbox 238 1398 321 1498; x_wconf 81' lang='lat' dir='ltr'>Plus</span> <span class='ocrx_word' id='word_1_2' title='bbox 342 1455 437 1517; x_wconf 92' lang='lat' dir='ltr'>quam</span> <span class='ocrx_word' id='word_1_3' title='bbox 463 1437 585 1516; x_wconf 81' lang='lat' dir='ltr'>septem</span> <span class='ocrx_word' id='word_1_4' title='bbox 609 1433 711 1498; x_wconf 87' lang='lat' dir='ltr'>lustra</span> <span class='ocrx_word' id='word_1_5' title='bbox 731 1437 804 1496; x_wconf 92' lang='lat' dir='ltr'>suut</span> <span class='ocrx_word' id='word_1_6' title='bbox 825 1434 1045 1515; x_wconf 87' lang='lat' dir='ltr'>praeterlapsa</span> <span class='ocrx_word' id='word_1_7' title='bbox 1066 1438 1239 1516; x_wconf 85' lang='lat' dir='ltr'><strong>postquam</strong></span> 
     </span>
     <span class='ocr_line' id='line_1_2' title="bbox 170 1537 1239 1606; baseline -0.001 -1"><span class='ocrx_word' id='word_1_8' title='bbox 170 1541 355 1606; x_wconf 80' lang='lat' dir='ltr'>Fridericus</span> <span class='ocrx_word' id='word_1_9' title='bbox 389 1541 531 1605; x_wconf 90' lang='lat' dir='ltr'>Haasius</span> <span class='ocrx_word' id='word_1_10' title='bbox 566 1539 692 1605; x_wconf 88' lang='lat' dir='ltr'>dicendi</span> <span class='ocrx_word' id='word_1_11' title='bbox 731 1539 993 1605; x_wconf 89' lang='lat' dir='ltr'>cousuetudinem</span> <span class='ocrx_word' id='word_1_12' title='bbox 1027 1537 1239 1605; x_wconf 86' lang='lat' dir='ltr'>Annaeanam</span> 
     </span>
     <span class='ocr_line' id='line_1_3' title="bbox 169 1645 1238 1730; baseline 0 -18"><span class='ocrx_word' id='word_1_13' title='bbox 169 1648 237 1714; x_wconf 85' lang='lat' dir='ltr'>fere</span> <span class='ocrx_word' id='word_1_14' title='bbox 260 1647 439 1730; x_wconf 75' lang='lat' dir='ltr'>neglectam</span> <span class='ocrx_word' id='word_1_15' title='bbox 462 1648 567 1713; x_wconf 89' lang='lat' dir='ltr'>iacere</span> <span class='ocrx_word' id='word_1_16' title='bbox 591 1651 786 1730; x_wconf 79' lang='lat' dir='ltr'>conquestus</span> <span class='ocrx_word' id='word_1_17' title='bbox 810 1651 869 1712; x_wconf 89' lang='lat' dir='ltr'>est.</span> <span class='ocrx_word' id='word_1_18' title='bbox 893 1667 952 1710; x_wconf 90' lang='lat' dir='ltr'>uec</span> <span class='ocrx_word' id='word_1_19' title='bbox 975 1645 1057 1712; x_wconf 86' lang='lat' dir='ltr'>adeo</span> <span class='ocrx_word' id='word_1_20' title='bbox 1080 1648 1172 1712; x_wconf 92' lang='lat' dir='ltr'>multi</span> <span class='ocrx_word' id='word_1_21' title='bbox 1195 1648 1238 1712; x_wconf 91' lang='lat' dir='ltr'>in-</span> 
     </span>
     <span class='ocr_line' id='line_1_4' title="bbox 169 1751 1238 1838; baseline -0.001 -18"><span class='ocrx_word' id='word_1_22' title='bbox 169 1757 254 1820; x_wconf 88' lang='lat' dir='ltr'>venti</span> <span class='ocrx_word' id='word_1_23' title='bbox 285 1760 359 1820; x_wconf 89' lang='lat' dir='ltr'>suut</span> <span class='ocrx_word' id='word_1_24' title='bbox 390 1755 445 1837; x_wconf 90' lang='lat' dir='ltr'>qui</span> <span class='ocrx_word' id='word_1_25' title='bbox 480 1754 674 1838; x_wconf 80' lang='lat' dir='ltr'>,laudabilia</span> <span class='ocrx_word' id='word_1_26' title='bbox 707 1754 752 1818; x_wconf 92' lang='lat' dir='ltr'>H.</span> <span class='ocrx_word' id='word_1_27' title='bbox 787 1751 944 1836; x_wconf 83' lang='lat' dir='ltr'>Stephani</span> <span class='ocrx_word' id='word_1_28' title='bbox 974 1752 1099 1818; x_wconf 79' lang='lat' dir='ltr'>studia“</span> <span class='ocrx_word' id='word_1_29' title='bbox 1137 1756 1238 1820; x_wconf 86' lang='lat' dir='ltr'>couti·</span> 
     </span>
     <span class='ocr_line' id='line_1_5' title="bbox 169 1861 1237 1945; baseline -0.002 -17"><span class='ocrx_word' id='word_1_30' title='bbox 169 1867 306 1928; x_wconf 89' lang='lat' dir='ltr'>nuarent</span> <span class='ocrx_word' id='word_1_31' title='bbox 322 1862 373 1926; x_wconf 86' lang='lat' dir='ltr'>vel</span> <span class='ocrx_word' id='word_1_32' title='bbox 389 1862 550 1945; x_wconf 89' lang='lat' dir='ltr'>egregium</span> <span class='ocrx_word' id='word_1_33' title='bbox 566 1861 653 1945; x_wconf 92' lang='lat' dir='ltr'>quod</span> <span class='ocrx_word' id='word_1_34' title='bbox 669 1862 737 1943; x_wconf 89' lang='lat' dir='ltr'>ipse</span> <span class='ocrx_word' id='word_1_35' title='bbox 754 1861 888 1926; x_wconf 89' lang='lat' dir='ltr'>dederat</span> <span class='ocrx_word' id='word_1_36' title='bbox 899 1861 1042 1925; x_wconf 80' lang='lat' dir='ltr'>Hessius</span> <span class='ocrx_word' id='word_1_37' title='bbox 1059 1862 1237 1944; x_wconf 87' lang='lat' dir='ltr'>exemplum</span> 
     </span>
     <span class='ocr_line' id='line_1_6' title="bbox 171 1966 1238 2052; baseline -0.001 -18"><span class='ocrx_word' id='word_1_38' title='bbox 171 1974 389 2052; x_wconf 87' lang='lat' dir='ltr'>sequerentur.</span> <span class='ocrx_word' id='word_1_39' title='bbox 414 1968 503 2050; x_wconf 91' lang='lat' dir='ltr'>quod</span> <span class='ocrx_word' id='word_1_40' title='bbox 521 1966 612 2032; x_wconf 85' lang='lat' dir='ltr'>facile</span> <span class='ocrx_word' id='word_1_41' title='bbox 629 1973 764 2050; x_wconf 88' lang='lat' dir='ltr'>apparet</span> <span class='ocrx_word' id='word_1_42' title='bbox 780 1967 952 2033; x_wconf 88' lang='lat' dir='ltr'>dolendum</span> <span class='ocrx_word' id='word_1_43' title='bbox 968 1989 1036 2033; x_wconf 88' lang='lat' dir='ltr'>esse</span> <span class='ocrx_word' id='word_1_44' title='bbox 1053 1990 1119 2033; x_wconf 91' lang='lat' dir='ltr'>uon</span> <span class='ocrx_word' id='word_1_45' title='bbox 1135 1969 1238 2034; x_wconf 92' lang='lat' dir='ltr'>solum</span> 
     </span>
     <span class='ocr_line' id='line_1_7' title="bbox 170 2073 1236 2160; baseline 0 -20"><span class='ocrx_word' id='word_1_46' title='bbox 170 2083 304 2160; x_wconf 87' lang='lat' dir='ltr'>propter</span> <span class='ocrx_word' id='word_1_47' title='bbox 323 2077 428 2157; x_wconf 88' lang='lat' dir='ltr'>ipsum</span> <span class='ocrx_word' id='word_1_48' title='bbox 445 2073 611 2154; x_wconf 76' lang='lat' dir='ltr'>Senecam,</span> <span class='ocrx_word' id='word_1_49' title='bbox 636 2075 701 2140; x_wconf 88' lang='lat' dir='ltr'>sive</span> <span class='ocrx_word' id='word_1_50' title='bbox 723 2075 885 2156; x_wconf 85' lang='lat' dir='ltr'>ingenium</span> <span class='ocrx_word' id='word_1_51' title='bbox 908 2076 975 2139; x_wconf 86' lang='lat' dir='ltr'>eius</span> <span class='ocrx_word' id='word_1_52' title='bbox 998 2074 1142 2140; x_wconf 89' lang='lat' dir='ltr'>mirabile</span> <span class='ocrx_word' id='word_1_53' title='bbox 1166 2097 1236 2158; x_wconf 89' lang='lat' dir='ltr'>per·</span> 
     </span>
     <span class='ocr_line' id='line_1_8' title="bbox 170 2181 1236 2265; baseline 0 -18"><span class='ocrx_word' id='word_1_54' title='bbox 170 2204 303 2249; x_wconf 88' lang='lat' dir='ltr'>noscere</span> <span class='ocrx_word' id='word_1_55' title='bbox 326 2181 411 2246; x_wconf 82' lang='lat' dir='ltr'>voles</span> <span class='ocrx_word' id='word_1_56' title='bbox 435 2181 522 2264; x_wconf 92' lang='lat' dir='ltr'>quod</span> <span class='ocrx_word' id='word_1_57' title='bbox 546 2181 673 2263; x_wconf 90' lang='lat' dir='ltr'>penitus</span> <span class='ocrx_word' id='word_1_58' title='bbox 697 2181 838 2264; x_wconf 87' lang='lat' dir='ltr'>intellegi</span> <span class='ocrx_word' id='word_1_59' title='bbox 860 2203 925 2246; x_wconf 91' lang='lat' dir='ltr'>nou</span> <span class='ocrx_word' id='word_1_60' title='bbox 948 2183 1069 2265; x_wconf 88' lang='lat' dir='ltr'>poterit</span> <span class='ocrx_word' id='word_1_61' title='bbox 1091 2183 1151 2246; x_wconf 89' lang='lat' dir='ltr'>uisi</span> <span class='ocrx_word' id='word_1_62' title='bbox 1172 2204 1236 2247; x_wconf 89' lang='lat' dir='ltr'>ser-</span> 
     </span>
     <span class='ocr_line' id='line_1_9' title="bbox 170 2287 1234 2372; baseline 0.001 -18"><span class='ocrx_word' id='word_1_63' title='bbox 170 2290 271 2355; x_wconf 89' lang='lat' dir='ltr'>monis</span> <span class='ocrx_word' id='word_1_64' title='bbox 295 2293 328 2352; x_wconf 89' lang='lat' dir='ltr'>et</span> <span class='ocrx_word' id='word_1_65' title='bbox 352 2288 506 2353; x_wconf 90' lang='lat' dir='ltr'>orationis</span> <span class='ocrx_word' id='word_1_66' title='bbox 529 2287 653 2372; x_wconf 89' lang='lat' dir='ltr'>legibus</span> <span class='ocrx_word' id='word_1_67' title='bbox 684 2288 923 2370; x_wconf 88' lang='lat' dir='ltr'>diligentissime</span> <span class='ocrx_word' id='word_1_68' title='bbox 952 2287 1138 2371; x_wconf 86' lang='lat' dir='ltr'>observatis,</span> <span class='ocrx_word' id='word_1_69' title='bbox 1170 2290 1234 2355; x_wconf 88' lang='lat' dir='ltr'>sive</span> 
     </span>
     <span class='ocr_line' id='line_1_10' title="bbox 169 2394 1234 2478; baseline -0.002 -16"><span class='ocrx_word' id='word_1_70' title='bbox 169 2398 289 2463; x_wconf 89' lang='lat' dir='ltr'>tutiora</span> <span class='ocrx_word' id='word_1_71' title='bbox 305 2395 540 2478; x_wconf 86' lang='lat' dir='ltr'>circumspicies</span> <span class='ocrx_word' id='word_1_72' title='bbox 557 2395 698 2460; x_wconf 91' lang='lat' dir='ltr'>subsidia</span> <span class='ocrx_word' id='word_1_73' title='bbox 713 2395 754 2460; x_wconf 91' lang='lat' dir='ltr'>ad</span> <span class='ocrx_word' id='word_1_74' title='bbox 771 2395 867 2459; x_wconf 91' lang='lat' dir='ltr'>crisin</span> <span class='ocrx_word' id='word_1_75' title='bbox 878 2394 1091 2460; x_wconf 88' lang='lat' dir='ltr'>Annaeanam</span> <span class='ocrx_word' id='word_1_76' title='bbox 1106 2417 1234 2478; x_wconf 92' lang='lat' dir='ltr'>promo-</span> 
     </span>
     <span class='ocr_line' id='line_1_11' title="bbox 169 2501 1234 2586; baseline -0.001 -18"><span class='ocrx_word' id='word_1_77' title='bbox 169 2505 303 2570; x_wconf 88' lang='lat' dir='ltr'>vendam</span> <span class='ocrx_word' id='word_1_78' title='bbox 338 2503 572 2586; x_wconf 86' lang='lat' dir='ltr'>verborumque</span> <span class='ocrx_word' id='word_1_79' title='bbox 607 2509 793 2568; x_wconf 83' lang='lat' dir='ltr'>contextum</span> <span class='ocrx_word' id='word_1_80' title='bbox 828 2501 1069 2568; x_wconf 89' lang='lat' dir='ltr'>emendandum.</span> <span class='ocrx_word' id='word_1_81' title='bbox 1105 2504 1234 2567; x_wconf 91' lang='lat' dir='ltr'>maioris</span> 
     </span>
     <span class='ocr_line' id='line_1_12' title="bbox 169 2609 1234 2693; baseline -0.001 -18"><span class='ocrx_word' id='word_1_82' title='bbox 169 2612 252 2676; x_wconf 92' lang='lat' dir='ltr'>euim</span> <span class='ocrx_word' id='word_1_83' title='bbox 280 2611 434 2675; x_wconf 88' lang='lat' dir='ltr'>momenti</span> <span class='ocrx_word' id='word_1_84' title='bbox 458 2615 507 2675; x_wconf 89' lang='lat' dir='ltr'>est</span> <span class='ocrx_word' id='word_1_85' title='bbox 531 2610 618 2692; x_wconf 91' lang='lat' dir='ltr'>quod</span> <span class='ocrx_word' id='word_1_86' title='bbox 639 2610 766 2693; x_wconf 85' lang='lat' dir='ltr'>linguae</span> <span class='ocrx_word' id='word_1_87' title='bbox 789 2609 907 2674; x_wconf 89' lang='lat' dir='ltr'>latinae</span> <span class='ocrx_word' id='word_1_88' title='bbox 929 2609 1107 2691; x_wconf 87' lang='lat' dir='ltr'>historiam,</span> <span class='ocrx_word' id='word_1_89' title='bbox 1138 2631 1234 2693; x_wconf 89' lang='lat' dir='ltr'>quam</span> 
     </span>
     <span class='ocr_line' id='line_1_13' title="bbox 168 2714 1233 2799; baseline 0.001 -19"><span class='ocrx_word' id='word_1_90' title='bbox 168 2721 297 2781; x_wconf 86' lang='lat' dir='ltr'>strenue</span> <span class='ocrx_word' id='word_1_91' title='bbox 321 2715 504 2780; x_wconf 86' lang='lat' dir='ltr'>incohatam</span> <span class='ocrx_word' id='word_1_92' title='bbox 527 2721 563 2779; x_wconf 92' lang='lat' dir='ltr'>ut</span> <span class='ocrx_word' id='word_1_93' title='bbox 586 2717 687 2799; x_wconf 89' lang='lat' dir='ltr'>magis</span> <span class='ocrx_word' id='word_1_94' title='bbox 710 2717 875 2798; x_wconf 87' lang='lat' dir='ltr'>magisque</span> <span class='ocrx_word' id='word_1_95' title='bbox 899 2714 1109 2780; x_wconf 86' lang='lat' dir='ltr'>exaedificent</span> <span class='ocrx_word' id='word_1_96' title='bbox 1137 2714 1233 2781; x_wconf 89' lang='lat' dir='ltr'>hodie</span> 
     </span>
     <span class='ocr_line' id='line_1_14' title="bbox 167 2821 1233 2905; baseline 0 -19"><span class='ocrx_word' id='word_1_97' title='bbox 167 2824 341 2903; x_wconf 87' lang='lat' dir='ltr'>enituntur,</span> <span class='ocrx_word' id='word_1_98' title='bbox 365 2821 473 2905; x_wconf 89' lang='lat' dir='ltr'>perfici</span> <span class='ocrx_word' id='word_1_99' title='bbox 495 2843 588 2905; x_wconf 89' lang='lat' dir='ltr'>posse</span> <span class='ocrx_word' id='word_1_100' title='bbox 605 2821 838 2905; x_wconf 91' lang='lat' dir='ltr'>desperandum</span> <span class='ocrx_word' id='word_1_101' title='bbox 862 2827 919 2902; x_wconf 89' lang='lat' dir='ltr'>est,</span> <span class='ocrx_word' id='word_1_102' title='bbox 944 2822 1047 2887; x_wconf 90' lang='lat' dir='ltr'>donec</span> <span class='ocrx_word' id='word_1_103' title='bbox 1063 2826 1233 2903; x_wconf 88' lang='lat' dir='ltr'>argenteae</span> 
     </span>
     <span class='ocr_line' id='line_1_15' title="bbox 167 2927 1233 3012; baseline -0.001 -20"><span class='ocrx_word' id='word_1_104' title='bbox 167 2951 263 3012; x_wconf 90' lang='lat' dir='ltr'>quam</span> <span class='ocrx_word' id='word_1_105' title='bbox 292 2930 402 2993; x_wconf 90' lang='lat' dir='ltr'>dicunt</span> <span class='ocrx_word' id='word_1_106' title='bbox 432 2929 600 2993; x_wconf 86' lang='lat' dir='ltr'>latinitatis</span> <span class='ocrx_word' id='word_1_107' title='bbox 627 2927 843 2994; x_wconf 89' lang='lat' dir='ltr'>florentissimi</span> <span class='ocrx_word' id='word_1_108' title='bbox 874 2930 1014 2993; x_wconf 88' lang='lat' dir='ltr'>auctoris</span> <span class='ocrx_word' id='word_1_109' title='bbox 1039 2949 1144 2993; x_wconf 90' lang='lat' dir='ltr'>sermo</span> <span class='ocrx_word' id='word_1_110' title='bbox 1168 2950 1233 2993; x_wconf 94' lang='lat' dir='ltr'>non</span> 
     </span>
     <span class='ocr_line' id='line_1_16' title="bbox 166 3035 1232 3118; baseline 0 -20"><span class='ocrx_word' id='word_1_111' title='bbox 166 3037 213 3100; x_wconf 92' lang='lat' dir='ltr'>ita</span> <span class='ocrx_word' id='word_1_112' title='bbox 236 3037 469 3118; x_wconf 83' lang='lat' dir='ltr'>pervestigatus</span> <span class='ocrx_word' id='word_1_113' title='bbox 493 3036 564 3117; x_wconf 85' lang='lat' dir='ltr'>erit,</span> <span class='ocrx_word' id='word_1_114' title='bbox 588 3041 625 3099; x_wconf 90' lang='lat' dir='ltr'>ut</span> <span class='ocrx_word' id='word_1_115' title='bbox 649 3035 744 3100; x_wconf 88' lang='lat' dir='ltr'>etiam</span> <span class='ocrx_word' id='word_1_116' title='bbox 761 3035 801 3100; x_wconf 92' lang='lat' dir='ltr'>de</span> <span class='ocrx_word' id='word_1_117' title='bbox 818 3035 948 3118; x_wconf 89' lang='lat' dir='ltr'>singulis</span> <span class='ocrx_word' id='word_1_118' title='bbox 966 3041 1088 3100; x_wconf 89' lang='lat' dir='ltr'>certum</span> <span class='ocrx_word' id='word_1_119' title='bbox 1105 3035 1232 3100; x_wconf 89' lang='lat' dir='ltr'>admitti</span> 
     </span>
     <span class='ocr_line' id='line_1_17' title="bbox 167 3141 1232 3226; baseline 0.001 -21"><span class='ocrx_word' id='word_1_120' title='bbox 167 3143 268 3224; x_wconf 89' lang='lat' dir='ltr'>possit</span> <span class='ocrx_word' id='word_1_121' title='bbox 298 3143 459 3207; x_wconf 90' lang='lat' dir='ltr'>iudicium.</span> <span class='ocrx_word' id='word_1_122' title='bbox 491 3143 580 3206; x_wconf 86' lang='lat' dir='ltr'>cuius</span> <span class='ocrx_word' id='word_1_123' title='bbox 608 3143 696 3208; x_wconf 91' lang='lat' dir='ltr'>modi</span> <span class='ocrx_word' id='word_1_124' title='bbox 725 3143 827 3207; x_wconf 89' lang='lat' dir='ltr'>causis</span> <span class='ocrx_word' id='word_1_125' title='bbox 857 3141 952 3207; x_wconf 85' lang='lat' dir='ltr'>facile</span> <span class='ocrx_word' id='word_1_126' title='bbox 982 3163 1042 3226; x_wconf 86' lang='lat' dir='ltr'>ego</span> <span class='ocrx_word' id='word_1_127' title='bbox 1074 3143 1232 3207; x_wconf 85' lang='lat' dir='ltr'>adductus</span> 
     </span>
     <span class='ocr_line' id='line_1_18' title="bbox 166 3248 1232 3334; baseline 0.001 -22"><span class='ocrx_word' id='word_1_128' title='bbox 166 3271 245 3328; x_wconf 88' lang='lat' dir='ltr'>sum,</span> <span class='ocrx_word' id='word_1_129' title='bbox 270 3253 306 3313; x_wconf 92' lang='lat' dir='ltr'>ut</span> <span class='ocrx_word' id='word_1_130' title='bbox 329 3251 469 3334; x_wconf 88' lang='lat' dir='ltr'>syntaxis</span> <span class='ocrx_word' id='word_1_131' title='bbox 490 3248 688 3314; x_wconf 88' lang='lat' dir='ltr'>Annaeanae</span> <span class='ocrx_word' id='word_1_132' title='bbox 711 3249 842 3333; x_wconf 91' lang='lat' dir='ltr'>aliquod</span> <span class='ocrx_word' id='word_1_133' title='bbox 865 3249 939 3313; x_wconf 92' lang='lat' dir='ltr'>mihi</span> <span class='ocrx_word' id='word_1_134' title='bbox 964 3255 1062 3332; x_wconf 88' lang='lat' dir='ltr'>caput</span> <span class='ocrx_word' id='word_1_135' title='bbox 1085 3249 1232 3333; x_wconf 87' lang='lat' dir='ltr'>eligerem</span> 
     </span>
     <span class='ocr_line' id='line_1_19' title="bbox 165 3357 1230 3439; baseline 0 -19"><span class='ocrx_word' id='word_1_136' title='bbox 165 3357 345 3421; x_wconf 88' lang='lat' dir='ltr'>accuratius</span> <span class='ocrx_word' id='word_1_137' title='bbox 358 3357 632 3439; x_wconf 89' lang='lat' dir='ltr'>pertractandum,</span> <span class='ocrx_word' id='word_1_138' title='bbox 650 3379 721 3420; x_wconf 92' lang='lat' dir='ltr'>cum</span> <span class='ocrx_word' id='word_1_139' title='bbox 733 3357 923 3439; x_wconf 89' lang='lat' dir='ltr'>praesertim</span> <span class='ocrx_word' id='word_1_140' title='bbox 934 3362 1127 3439; x_wconf 89' lang='lat' dir='ltr'>praeceptor</span> <span class='ocrx_word' id='word_1_141' title='bbox 1142 3378 1230 3420; x_wconf 88' lang='lat' dir='ltr'>meus</span> 
     </span>
     <span class='ocr_line' id='line_1_20' title="bbox 165 3442 1230 3547; baseline 0.002 -20"><span class='ocrx_word' id='word_1_142' title='bbox 165 3462 204 3527; x_wconf 88' lang='lat'>0.</span> <span class='ocrx_word' id='word_1_143' title='bbox 218 3463 371 3544; x_wconf 88' lang='lat' dir='ltr'>Hensius‚</span> <span class='ocrx_word' id='word_1_144' title='bbox 397 3465 451 3546; x_wconf 91' lang='lat' dir='ltr'>qui</span> <span class='ocrx_word' id='word_1_145' title='bbox 468 3463 600 3528; x_wconf 89' lang='lat' dir='ltr'>consilio</span> <span class='ocrx_word' id='word_1_146' title='bbox 623 3485 681 3528; x_wconf 91' lang='lat' dir='ltr'>suo</span> <span class='ocrx_word' id='word_1_147' title='bbox 705 3463 839 3547; x_wconf 88' lang='lat' dir='ltr'>henigne</span> <span class='ocrx_word' id='word_1_148' title='bbox 861 3486 912 3528; x_wconf 88' lang='lat' dir='ltr'>me</span> <span class='ocrx_word' id='word_1_149' title='bbox 936 3464 1066 3546; x_wconf 84' lang='lat' dir='ltr'>adiuvit,</span> <span class='ocrx_word' id='word_1_150' title='bbox 1091 3442 1230 3529; x_wconf 85' lang='lat' dir='ltr'>commo·</span> 
     </span>
     <span class='ocr_line' id='line_1_21' title="bbox 164 3570 1230 3653; baseline -0.001 -19"><span class='ocrx_word' id='word_1_151' title='bbox 164 3591 240 3635; x_wconf 88' lang='lat' dir='ltr'>nere</span> <span class='ocrx_word' id='word_1_152' title='bbox 263 3591 313 3634; x_wconf 81' lang='lat' dir='ltr'>nie</span> <span class='ocrx_word' id='word_1_153' title='bbox 337 3592 400 3635; x_wconf 93' lang='lat' dir='ltr'>nou</span> <span class='ocrx_word' id='word_1_154' title='bbox 424 3570 593 3650; x_wconf 87' lang='lat' dir='ltr'>desineret,</span> <span class='ocrx_word' id='word_1_155' title='bbox 618 3577 654 3634; x_wconf 89' lang='lat' dir='ltr'>ut</span> <span class='ocrx_word' id='word_1_156' title='bbox 676 3571 709 3634; x_wconf 93' lang='lat' dir='ltr'>iu</span> <span class='ocrx_word' id='word_1_157' title='bbox 726 3570 867 3636; x_wconf 85' lang='lat' dir='ltr'>Senecae</span> <span class='ocrx_word' id='word_1_158' title='bbox 884 3571 1066 3653; x_wconf 80' lang='lat' dir='ltr'>philosophi</span> <span class='ocrx_word' id='word_1_159' title='bbox 1084 3591 1230 3635; x_wconf 90' lang='lat' dir='ltr'>sermone</span> 
     </span>
     <span class='ocr_line' id='line_1_22' title="bbox 164 3676 883 3742; baseline -0.004 0"><span class='ocrx_word' id='word_1_160' title='bbox 164 3676 365 3742; x_wconf 87' lang='lat' dir='ltr'>observando</span> <span class='ocrx_word' id='word_1_161' title='bbox 390 3676 531 3741; x_wconf 91' lang='lat' dir='ltr'>studium</span> <span class='ocrx_word' id='word_1_162' title='bbox 552 3698 658 3741; x_wconf 92' lang='lat' dir='ltr'>meum</span> <span class='ocrx_word' id='word_1_163' title='bbox 683 3676 883 3741; x_wconf 86' lang='lat' dir='ltr'>collocarem.</span> 
     </span>
    </p>

    <p class='ocr_par' dir='ltr' id='par_1_2' title="bbox 161 3783 1233 4292">
     <span class='ocr_line' id='line_1_23' title="bbox 229 3783 1227 3867; baseline -0.001 -19"><span class='ocrx_word' id='word_1_164' title='bbox 229 3783 282 3848; x_wconf 91' lang='lat' dir='ltr'>Ne</span> <span class='ocrx_word' id='word_1_165' title='bbox 306 3805 380 3848; x_wconf 87' lang='lat' dir='ltr'>vero</span> <span class='ocrx_word' id='word_1_166' title='bbox 405 3784 487 3848; x_wconf 87' lang='lat' dir='ltr'>vires</span> <span class='ocrx_word' id='word_1_167' title='bbox 511 3804 608 3865; x_wconf 90' lang='lat' dir='ltr'>meas,</span> <span class='ocrx_word' id='word_1_168' title='bbox 638 3804 718 3867; x_wconf 89' lang='lat' dir='ltr'>quas</span> <span class='ocrx_word' id='word_1_169' title='bbox 749 3784 853 3848; x_wconf 90' lang='lat' dir='ltr'>sentio</span> <span class='ocrx_word' id='word_1_170' title='bbox 878 3803 973 3866; x_wconf 90' lang='lat' dir='ltr'>quam</span> <span class='ocrx_word' id='word_1_171' title='bbox 997 3784 1061 3848; x_wconf 89' lang='lat' dir='ltr'>siut</span> <span class='ocrx_word' id='word_1_172' title='bbox 1085 3785 1227 3866; x_wconf 86' lang='lat' dir='ltr'>exiguae,</span> 
     </span>
     <span class='ocr_line' id='line_1_24' title="bbox 162 3890 1228 3972; baseline 0.001 -18"><span class='ocrx_word' id='word_1_173' title='bbox 162 3891 324 3972; x_wconf 89' lang='lat' dir='ltr'>inceptum</span> <span class='ocrx_word' id='word_1_174' title='bbox 348 3890 541 3972; x_wconf 86' lang='lat' dir='ltr'>egrediatur,</span> <span class='ocrx_word' id='word_1_175' title='bbox 578 3911 616 3955; x_wconf 88' lang='lat' dir='ltr'>eo</span> <span class='ocrx_word' id='word_1_176' title='bbox 648 3911 699 3954; x_wconf 91' lang='lat' dir='ltr'>me</span> <span class='ocrx_word' id='word_1_177' title='bbox 729 3890 824 3955; x_wconf 93' lang='lat' dir='ltr'>hodie</span> <span class='ocrx_word' id='word_1_178' title='bbox 855 3892 1002 3955; x_wconf 87' lang='lat' dir='ltr'>contineo</span> <span class='ocrx_word' id='word_1_179' title='bbox 1030 3896 1066 3954; x_wconf 89' lang='lat' dir='ltr'>ut</span> <span class='ocrx_word' id='word_1_180' title='bbox 1090 3891 1129 3955; x_wconf 91' lang='lat' dir='ltr'>de</span> <span class='ocrx_word' id='word_1_181' title='bbox 1153 3912 1228 3955; x_wconf 91' lang='lat' dir='ltr'>cou-</span> 
     </span>
     <span class='ocr_line' id='line_1_25' title="bbox 161 3996 1233 4086; baseline 0 -26"><span class='ocrx_word' id='word_1_182' title='bbox 161 3998 360 4061; x_wconf 93' lang='lat' dir='ltr'>iunctionum</span> <span class='ocrx_word' id='word_1_183' title='bbox 384 3997 506 4080; x_wconf 89' lang='lat' dir='ltr'>aliquot</span> <span class='ocrx_word' id='word_1_184' title='bbox 530 3996 704 4062; x_wconf 85' lang='lat' dir='ltr'>causalium</span> <span class='ocrx_word' id='word_1_185' title='bbox 721 3996 864 4082; x_wconf 78' lang='lat' dir='ltr'>(„quod“</span> <span class='ocrx_word' id='word_1_186' title='bbox 892 3998 1006 4080; x_wconf 79' lang='lat' dir='ltr'>„quia“</span> <span class='ocrx_word' id='word_1_187' title='bbox 1036 3997 1233 4086; x_wconf 55' lang='lat' dir='ltr'>,quoniam‘l</span> 
     </span>
     <span class='ocr_line' id='line_1_26' title="bbox 165 4103 1229 4189; baseline 0.001 -23"><span class='ocrx_word' id='word_1_188' title='bbox 165 4104 336 4185; x_wconf 79' lang='lat' dir='ltr'>,quoniam</span> <span class='ocrx_word' id='word_1_189' title='bbox 365 4103 512 4186; x_wconf 79' lang='lat' dir='ltr'>quidem“</span> <span class='ocrx_word' id='word_1_190' title='bbox 551 4103 718 4186; x_wconf 79' lang='lat' dir='ltr'>„quand0“</span> <span class='ocrx_word' id='word_1_191' title='bbox 760 4103 908 4186; x_wconf 82' lang='lat' dir='ltr'>„quando</span> <span class='ocrx_word' id='word_1_192' title='bbox 944 4103 1107 4189; x_wconf 77' lang='lat' dir='ltr'>quidem“)</span> <span class='ocrx_word' id='word_1_193' title='bbox 1143 4103 1229 4185; x_wconf 90' lang='lat' dir='ltr'>apud</span> 
     </span>
     <span class='ocr_line' id='line_1_27' title="bbox 163 4207 1227 4292; baseline 0.001 -19"><span class='ocrx_word' id='word_1_194' title='bbox 163 4207 318 4273; x_wconf 89' lang='lat' dir='ltr'>Senecam</span> <span class='ocrx_word' id='word_1_195' title='bbox 340 4209 567 4292; x_wconf 90' lang='lat' dir='ltr'>philosophum</span> <span class='ocrx_word' id='word_1_196' title='bbox 590 4231 649 4273; x_wconf 92' lang='lat' dir='ltr'>usu</span> <span class='ocrx_word' id='word_1_197' title='bbox 666 4210 847 4274; x_wconf 89' lang='lat' dir='ltr'>accuratius</span> <span class='ocrx_word' id='word_1_198' title='bbox 864 4209 1027 4274; x_wconf 89' lang='lat' dir='ltr'>disseram.</span> <span class='ocrx_word' id='word_1_199' title='bbox 1052 4209 1140 4292; x_wconf 92' lang='lat' dir='ltr'>quod</span> <span class='ocrx_word' id='word_1_200' title='bbox 1156 4231 1227 4274; x_wconf 91' lang='lat' dir='ltr'>con·</span> 
     </span>
    </p>
   </div>
   <div class='ocr_carea' id='block_1_2' title="bbox 0 0 1608 5208">
    <p class='ocr_par' dir='ltr' id='par_1_3' title="bbox 0 0 1608 5208">
     <span class='ocr_line' id='line_1_28' title="bbox 0 0 1608 5208; baseline 0 3"><span class='ocrx_word' id='word_1_201' title='bbox 0 0 1608 5208; x_wconf 95' lang='lat' dir='ltr'> </span> 
     </span>
    </p>
   </div>
  </div>
 </body>
</html>
