3206 5208
763 525 799 534 -.
849 491 982 549 40„

339 668 410 749 puit
437 665 533 747 filios,
563 665 621 730 sed
643 665 772 747 elegit“.
807 664 875 731 VH
903 668 957 745 18,
984 668 1016 743 33
1047 685 1161 745 epm.
1186 666 1222 746 4,
1253 669 1287 744 23
1326 664 1404 747 ,hoc

340 773 474 855 magis.
500 822 507 835 .
534 823 539 834 .
566 771 673 856 111011ιι
699 771 874 835 invenimus
897 792 947 852 ep.
971 792 1013 833 m.
1040 775 1092 851 73,
1120 773 1174 833 14:
1211 771 1404 856 ,01110010

340 882 441 963 magis
476 881 618 963 suspicit,
654 879 761 962 111011α
800 901 827 942 0.
853 899 884 960 q.
908 899 933 942 s.
983 877 1064 961 ,hoc
1093 879 1165 959 ipso
1195 929 1202 942 .
1229 927 1268 941 ..
1300 878 1402 961 quod‘

342 989 486 1054 occurrit
509 988 540 1052 d.
556 987 643 1056 VIII
661 992 691 1070 3,
717 990 750 1050 5:
779 988 844 1073 ,sio
868 986 1011 1069 quisquis
1034 985 1115 1050 bene
1139 985 1179 1050 de
1204 1006 1237 1050 se
1254 992 1406 1068 meretur,

341 1096 404 1160 hoc
427 1096 498 1178 ipso
522 1093 591 1159 aliis
614 1093 758 1176 prodest,
783 1093 869 1176 quod
891 1092 952 1156 illis
967 1090 1172 1173 profuturum
1187 1095 1314 1174 parat“.
1361 1099 1408 1158 ter

343 1201 506 1286 praecedit
530 1200 663 1285 ,ideo“:
701 1222 750 1283 ep.
775 1222 817 1266 m.
842 1204 896 1280 88,
922 1203 977 1263 30:
1016 1198 1154 1282 „bonum
1183 1204 1291 1264 autem
1319 1223 1407 1265 suum

342 1309 416 1374 ideo
440 1309 585 1389 maxime,
614 1307 700 1391 quod
724 1307 818 1371 alicui
840 1306 926 1371 bono
950 1305 1093 1369 futurum
1117 1311 1176 1386 est,
1201 1308 1318 1372 amat.“
1361 1330 1406 1390 ep.

342 1411 1083 1499 1155,8;11,Π12,2;1101)01.Π13,3“).
1122 1412 1284 1495 paululum
1300 1413 1342 1478 ab
1362 1416 1408 1479 his

347 1521 469 1585 distant
501 1519 655 1586 nonnulla
687 1520 845 1602 exempla,
880 1520 913 1582 in
945 1518 1061 1603 quibus
1095 1519 1207 1603 „ideo“
1238 1522 1341 1602 magis
1370 1522 1409 1585 111

345 1627 569 1693 antecedentia
596 1627 637 1690 sit
660 1625 860 1691 referendum
884 1647 1043 1708 causaque
1073 1647 1155 1708 quae
1183 1627 1245 1690 iam
1269 1629 1408 1710 superio-

345 1734 433 1801 ribus
469 1735 650 1798 continetur
687 1754 745 1816 per
779 1733 978 1797 enuntiatum
1015 1755 1054 1796 ex
1091 1734 1217 1814 „quod“
1253 1736 1409 1816 particula

346 1863 536 1925 suspensum
574 1845 749 1924 repetatur.
808 1841 965 1924 praecipit
1003 1841 1101 1922 igitur
1138 1841 1277 1923 quodam
1315 1844 1410 1908 modo

346 1970 475 2014 causam
505 1949 643 2030 scriptor
670 1969 765 2030 quam
788 1967 862 2011 mox
886 1947 990 2011 denuo
1014 1946 1199 2028 prolaturus
1224 1954 1283 2012 est.
1331 1971 1410 2033 quae

346 2057 429 2120 ratio
454 2054 556 2119 tribus
579 2054 748 2138 perspicua
770 2052 807 2116 fit
830 2053 926 2118 locis:
952 2053 991 2117 de
1014 2053 1086 2117 ben.
1103 2054 1138 2117 ΙΙ
1158 2058 1208 2136 18,
1233 2060 1269 2118 8:
1297 2077 1410 2139 ,quae-

347 2163 420 2228 dam
448 2167 584 2244 prosunt
607 2183 666 2225 nec
690 2160 848 2241 obligant:
883 2159 978 2224 tuber
1002 2159 1131 2241 quidam
1155 2163 1282 2246 tyranni
1306 2163 1411 2244 gladio

347 2269 467 2350 divisit,
502 2269 557 2351 qui
587 2268 629 2332 ad
658 2266 866 2332 occidendum
899 2289 970 2331 eum
1000 2273 1145 2348 venerat,
1180 2289 1243 2332 non
1271 2269 1345 2334 ideo
1369 2269 1413 2333 illi

347 2381 499 2459 tjuannus
523 2374 642 2456 gratias
666 2373 741 2456 egit,
766 2373 854 2457 quod
876 2395 953 2452 rem,
979 2395 1074 2455 qnam
1090 2375 1287 2439 medicorum
1302 2397 1413 2439 manus

347 2480 640 2563 reformidaverant,
663 2481 808 2544 nocendo
826 2480 981 2544 sanavit“.
1022 2480 1061 2543 de
1077 2479 1149 2544 beu.
1166 2481 1216 2549 VI
1232 2487 1262 2562 8,
1292 2485 1323 2544 1;
1351 2483 1413 2567 ,sic

349 2589 478 2671 quidam
506 2587 598 2653 nobis
627 2592 779 2669 prosunt,
811 2587 886 2650 dum
914 2586 1042 2668 nolunt,
1073 2586 1169 2652 immo
1194 2588 1269 2670 quia
1292 2588 1412 2668 nolunt,

348 2717 413 2760 non
436 2701 543 2759 tamen
566 2694 638 2758 ideo
661 2693 722 2758 illis
741 2693 931 2758 beneficium
947 2693 1109 2774 1101101111,
1134 2694 1218 2776 quod
1234 2695 1414 2776 perniciosa

348 2802 472 2866 illorum
498 2800 628 2865 consilia
650 2799 780 2864 fortuna
796 2799 923 2864 deflexit
938 2801 971 2864 in
986 2800 1131 2864 melius“.
1167 2801 1198 2864 d.
1215 2801 1283 2869 VH
1301 2806 1353 2882 25,
1381 2806 1411 2864 1:

352 2909 402 2994 ,in
426 2906 591 2972 sublicium
615 2911 747 2989 pontem
770 2929 820 2971 me
844 2906 983 2972 transfer
1006 2912 1039 2971 et
1059 2907 1144 2971 inter
1164 2912 1294 2990 egentes
1311 2908 1411 2973 abire:

348 3037 413 3080 non
442 3013 515 3079 ideo
544 3020 652 3079 tamen
675 3036 726 3078 110
750 3013 933 3096 despiciam,
967 3014 1053 3097 qnod
1077 3014 1109 3077 in
1131 3015 1258 3079 illorum
1282 3037 1412 3080 numero

349 3121 538 3204 0011011010,
572 3122 626 3204 qui
654 3142 782 3186 manum
810 3120 851 3185 ad
875 3121 990 3202 stipem
1015 3122 1216 3204 porrigunt“.
1264 3122 1413 3205 singulari

348 3250 445 3312 porro
473 3234 609 3313 propter
639 3228 808 3292 verborum
835 3228 1078 3294 collocationem
1101 3229 1262 3293 mentione
1287 3229 1413 3313 dignum

349 3335 476 3401 videtur
492 3357 542 3418 ep.
558 3357 601 3398 m.
618 3338 671 3416 45,
695 3340 730 3399 3:
759 3339 920 3420 „ceterum
937 3336 1024 3417 quod
1039 3334 1138 3399 libros
1154 3356 1243 3399 meos
1258 3335 1317 3399 tibi
1333 3337 1413 3399 mitti

350 3444 523 3526 desideras,
552 3465 617 3508 non
645 3444 745 3526 magis
767 3442 841 3507 ideo
865 3465 915 3507 me
940 3443 1092 3508 disertum
1114 3447 1203 3526 puto,
1234 3465 1330 3526 quam
1352 3443 1414 3509 ior-

349 3573 472 3616 1101111
495 3552 661 3634 11111011α
688 3573 716 3615 0.
733 3573 763 3633 q.
781 3572 805 3614 s.
853 3550 1047 3631 praecedens
1071 3551 1268 3614 enuntiatum
1293 3572 1332 3616 ex
1346 3572 1414 3633 par-

349 3658 448 3722 ticula
473 3658 599 3743 ,quod“
626 3662 735 3740 aptum
758 3656 896 3739 posthac
920 3662 1071 3740 sequente
1095 3655 1411 3741 00110111110,,11100ιι

350 3765 472 3834 nititur.
521 3765 626 3831 decies
650 3770 765 3848 quater
789 3764 923 3830 causalis
946 3765 1104 3848 particula
1129 3763 1253 3848 ,quod“
1273 3765 1415 3847 sequitur

425 3943 447 4015 ¹)
465 3944 560 4014 recepi
579 3943 683 3998 Gertzii
702 3942 905 3997 coniecturam:
927 3961 996 4008 „uno
1009 3944 1092 3997 modo
1111 3943 1170 3996 istis
1183 3943 1415 4012 persuadebimus,

352 4053 387 4088 ne
406 4033 540 4089 beneficia
558 4051 605 4087 sua
618 4031 766 4086 insolentia
777 4032 904 4100 perdant,
925 4032 947 4084 si
966 4033 1166 4086 ostenderimus
1180 4050 1236 4086 non
1248 4033 1311 4086 idco
1330 4031 1415 4087 videri

351 4123 463 4190 maiora,
483 4124 583 4192 quod
601 4121 793 4175 tumultuosius
813 4121 877 4175 data
896 4124 984 4187 sunt“,
1005 4122 1107 4190 quippe
1128 4139 1197 4190 quae
1208 4121 1323 4188 propius
1342 4138 1415 4175 acce·

352 4211 401 4265 dat
420 4212 454 4265 ad
473 4211 576 4267 codicis
595 4210 621 4264 N
641 4211 806 4280 scripturam
828 4212 912 4280 „quo“
935 4228 1017 4281 quam
1036 4210 1114 4281 quia
1132 4209 1199 4263 illud
1217 4208 1355 4282 vulgatae.
