<?xml version="1.0" encoding="UTF-8"?>
<!DOCTYPE html PUBLIC "-//W3C//DTD XHTML 1.0 Transitional//EN"
    "http://www.w3.org/TR/xhtml1/DTD/xhtml1-transitional.dtd">
<html xmlns="http://www.w3.org/1999/xhtml" xml:lang="en" lang="en">
 <head>
  <title>
</title>
<meta http-equiv="Content-Type" content="text/html;charset=utf-8" />
  <meta name='ocr-system' content='tesseract 3.04.00' />
  <meta name='ocr-capabilities' content='ocr_page ocr_carea ocr_par ocr_line ocrx_word'/>
</head>
<body>
  <div class='ocr_page' id='page_1' title='image "./observationesan00rieggoog_0019.png"; bbox 0 0 3206 5208; ppageno 0'>
   <div class='ocr_carea' id='block_1_1' title="bbox 808 577 1026 637">
    <p class='ocr_par' dir='ltr' id='par_1_1' title="bbox 808 577 1026 637">
     <span class='ocr_line' id='line_1_1' title="bbox 808 577 1026 637; baseline -0.009 -15"><span class='ocrx_word' id='word_1_1' title='bbox 808 577 1026 637; x_wconf 56' lang='lat'>„14-</span> 
     </span>
    </p>
   </div>
   <div class='ocr_carea' id='block_1_2' title="bbox 382 750 1452 1373">
    <p class='ocr_par' dir='ltr' id='par_1_2' title="bbox 382 750 1452 1373">
     <span class='ocr_line' id='line_1_2' title="bbox 382 750 1449 836; baseline 0.003 -22"><span class='ocrx_word' id='word_1_2' title='bbox 382 771 436 834; x_wconf 89' lang='lat' dir='ltr'>qu.</span> <span class='ocrx_word' id='word_1_3' title='bbox 460 751 479 815; x_wconf 94' lang='grc' dir='ltr'><strong>Ι</strong></span> <span class='ocrx_word' id='word_1_4' title='bbox 504 754 533 829; x_wconf 88' lang='grc'>3,</span> <span class='ocrx_word' id='word_1_5' title='bbox 561 754 615 833; x_wconf 87' lang='grc'>14,</span> <span class='ocrx_word' id='word_1_6' title='bbox 640 751 659 815; x_wconf 94' lang='grc' dir='ltr'><strong>Ι</strong></span> <span class='ocrx_word' id='word_1_7' title='bbox 683 756 714 833; x_wconf 91' lang='grc'>6,</span> <span class='ocrx_word' id='word_1_8' title='bbox 739 754 773 833; x_wconf 86' lang='grc'>5,</span> <span class='ocrx_word' id='word_1_9' title='bbox 796 750 815 814; x_wconf 94' lang='grc' dir='ltr'><strong>Ι</strong></span> <span class='ocrx_word' id='word_1_10' title='bbox 838 754 921 832; x_wconf 92' lang='grc'>8,4,</span> <span class='ocrx_word' id='word_1_11' title='bbox 945 751 981 815; x_wconf 93' lang='grc' dir='ltr'>Π</span> <span class='ocrx_word' id='word_1_12' title='bbox 1005 753 1088 833; x_wconf 85' lang='grc'>5,1,</span> <span class='ocrx_word' id='word_1_13' title='bbox 1112 750 1149 816; x_wconf 94' lang='grc' dir='ltr'>ΙΙ</span> <span class='ocrx_word' id='word_1_14' title='bbox 1174 756 1257 834; x_wconf 76' lang='grc'>11,4;</span> <span class='ocrx_word' id='word_1_15' title='bbox 1282 753 1316 817; x_wconf 88' lang='lat' dir='ltr'>ll</span> <span class='ocrx_word' id='word_1_16' title='bbox 1345 756 1449 836; x_wconf 87' lang='grc'>13,2,</span> 
     </span>
     <span class='ocr_line' id='line_1_3' title="bbox 382 856 1452 941; baseline 0.003 -21"><span class='ocrx_word' id='word_1_17' title='bbox 382 856 419 921; x_wconf 92' lang='grc' dir='ltr'>Π</span> <span class='ocrx_word' id='word_1_18' title='bbox 445 861 494 939; x_wconf 96' lang='grc'>13,</span> <span class='ocrx_word' id='word_1_19' title='bbox 519 861 555 939; x_wconf 90' lang='grc'>4,</span> <span class='ocrx_word' id='word_1_20' title='bbox 580 858 618 922; x_wconf 90' lang='lat' dir='ltr'>H</span> <span class='ocrx_word' id='word_1_21' title='bbox 644 861 696 940; x_wconf 82' lang='lat'>14,</span> <span class='ocrx_word' id='word_1_22' title='bbox 720 863 755 940; x_wconf 91' lang='grc'>2,</span> <span class='ocrx_word' id='word_1_23' title='bbox 779 857 817 921; x_wconf 93' lang='grc' dir='ltr'>ΙΙ</span> <span class='ocrx_word' id='word_1_24' title='bbox 842 861 894 939; x_wconf 90' lang='grc'>34,</span> <span class='ocrx_word' id='word_1_25' title='bbox 920 863 954 939; x_wconf 88' lang='grc'>2,</span> <span class='ocrx_word' id='word_1_26' title='bbox 979 858 1016 922; x_wconf 91' lang='grc' dir='ltr'>ΙΙ</span> <span class='ocrx_word' id='word_1_27' title='bbox 1042 862 1092 938; x_wconf 92' lang='grc'>38,</span> <span class='ocrx_word' id='word_1_28' title='bbox 1117 861 1153 939; x_wconf 99' lang='grc'>4,</span> <span class='ocrx_word' id='word_1_29' title='bbox 1183 859 1219 923; x_wconf 91' lang='grc' dir='ltr'>Π</span> <span class='ocrx_word' id='word_1_30' title='bbox 1242 862 1296 940; x_wconf 90' lang='grc'>48,</span> <span class='ocrx_word' id='word_1_31' title='bbox 1324 863 1357 941; x_wconf 96' lang='grc'>1,</span> <span class='ocrx_word' id='word_1_32' title='bbox 1392 859 1452 923; x_wconf 90' lang='grc' dir='ltr'>ΙΙΙ</span> 
     </span>
     <span class='ocr_line' id='line_1_4' title="bbox 385 964 1452 1051; baseline 0.003 -24"><span class='ocrx_word' id='word_1_33' title='bbox 385 968 487 1046; x_wconf 91' lang='grc'>11,4;</span> <span class='ocrx_word' id='word_1_34' title='bbox 511 964 563 1033; x_wconf 93' lang='lat' dir='ltr'>IV</span> <span class='ocrx_word' id='word_1_35' title='bbox 588 968 639 1047; x_wconf 89' lang='lat' dir='ltr'>ll,</span> <span class='ocrx_word' id='word_1_36' title='bbox 662 968 697 1047; x_wconf 85' lang='grc'>5,</span> <span class='ocrx_word' id='word_1_37' title='bbox 720 964 753 1032; x_wconf 91' lang='lat' dir='ltr'>V</span> <span class='ocrx_word' id='word_1_38' title='bbox 779 968 807 1047; x_wconf 91' lang='lat' dir='ltr'>l,</span> <span class='ocrx_word' id='word_1_39' title='bbox 827 969 859 1047; x_wconf 93' lang='grc'>1,</span> <span class='ocrx_word' id='word_1_40' title='bbox 882 964 915 1032; x_wconf 89' lang='lat' dir='ltr'><strong>V</strong></span> <span class='ocrx_word' id='word_1_41' title='bbox 938 968 970 1046; x_wconf 90' lang='grc'>4,</span> <span class='ocrx_word' id='word_1_42' title='bbox 989 969 1024 1047; x_wconf 93' lang='grc'>3,</span> <span class='ocrx_word' id='word_1_43' title='bbox 1048 964 1099 1032; x_wconf 88' lang='lat' dir='ltr'>VI</span> <span class='ocrx_word' id='word_1_44' title='bbox 1125 969 1175 1046; x_wconf 84' lang='lat'>13,</span> <span class='ocrx_word' id='word_1_45' title='bbox 1193 968 1228 1051; x_wconf 89' lang='grc'>4,</span> <span class='ocrx_word' id='word_1_46' title='bbox 1254 965 1396 1049; x_wconf 71' lang='grc'>171123,</span> <span class='ocrx_word' id='word_1_47' title='bbox 1414 971 1452 1049; x_wconf 92' lang='grc'>2,</span> 
     </span>
     <span class='ocr_line' id='line_1_5' title="bbox 382 1075 1451 1156; baseline 0.002 -20"><span class='ocrx_word' id='word_1_48' title='bbox 382 1093 433 1154; x_wconf 92' lang='lat' dir='ltr'>ep.</span> <span class='ocrx_word' id='word_1_49' title='bbox 457 1093 498 1136; x_wconf 92' lang='lat' dir='ltr'>m.</span> <span class='ocrx_word' id='word_1_50' title='bbox 524 1075 554 1154; x_wconf 90' lang='lat'>3,</span> <span class='ocrx_word' id='word_1_51' title='bbox 580 1076 613 1153; x_wconf 89' lang='grc'>3,</span> <span class='ocrx_word' id='word_1_52' title='bbox 641 1075 693 1154; x_wconf 89' lang='grc'>14,</span> <span class='ocrx_word' id='word_1_53' title='bbox 718 1077 753 1153; x_wconf 87' lang='grc'>8,</span> <span class='ocrx_word' id='word_1_54' title='bbox 781 1076 831 1152; x_wconf 87' lang='grc'>17,</span> <span class='ocrx_word' id='word_1_55' title='bbox 858 1076 893 1153; x_wconf 87' lang='grc'>9,</span> <span class='ocrx_word' id='word_1_56' title='bbox 925 1076 977 1154; x_wconf 88' lang='grc'>24,</span> <span class='ocrx_word' id='word_1_57' title='bbox 1005 1076 1059 1155; x_wconf 89' lang='grc'>12,</span> <span class='ocrx_word' id='word_1_58' title='bbox 1092 1077 1142 1154; x_wconf 89' lang='grc'>36,</span> <span class='ocrx_word' id='word_1_59' title='bbox 1168 1077 1204 1154; x_wconf 87' lang='grc'>9,</span> <span class='ocrx_word' id='word_1_60' title='bbox 1235 1078 1288 1156; x_wconf 93' lang='grc'>66,</span> <span class='ocrx_word' id='word_1_61' title='bbox 1316 1077 1371 1155; x_wconf 90' lang='grc'>16,</span> <span class='ocrx_word' id='word_1_62' title='bbox 1397 1079 1451 1156; x_wconf 87' lang='grc'>66,</span> 
     </span>
     <span class='ocr_line' id='line_1_6' title="bbox 384 1179 1451 1266; baseline 0.002 -24"><span class='ocrx_word' id='word_1_63' title='bbox 384 1182 441 1260; x_wconf 93' lang='grc'>28,</span> <span class='ocrx_word' id='word_1_64' title='bbox 472 1183 523 1261; x_wconf 91' lang='grc'>71,</span> <span class='ocrx_word' id='word_1_65' title='bbox 549 1183 567 1242; x_wconf 91' lang='grc'>3</span> <span class='ocrx_word' id='word_1_66' title='bbox 592 1179 737 1266; x_wconf 87' lang='lat' dir='ltr'>(necesse</span> <span class='ocrx_word' id='word_1_67' title='bbox 762 1186 811 1244; x_wconf 90' lang='lat' dir='ltr'>est</span> <span class='ocrx_word' id='word_1_68' title='bbox 833 1201 861 1244; x_wconf 91' lang='lat' dir='ltr'>e.</span> <span class='ocrx_word' id='word_1_69' title='bbox 879 1201 911 1262; x_wconf 90' lang='lat' dir='ltr'>q.</span> <span class='ocrx_word' id='word_1_70' title='bbox 927 1179 984 1265; x_wconf 89' lang='grc'>6.),</span> <span class='ocrx_word' id='word_1_71' title='bbox 1012 1184 1061 1263; x_wconf 85' lang='lat'>71,</span> <span class='ocrx_word' id='word_1_72' title='bbox 1088 1185 1125 1262; x_wconf 92' lang='grc'>7,</span> <span class='ocrx_word' id='word_1_73' title='bbox 1152 1183 1203 1262; x_wconf 89' lang='grc'>74,</span> <span class='ocrx_word' id='word_1_74' title='bbox 1230 1184 1288 1262; x_wconf 94' lang='grc'>11,</span> <span class='ocrx_word' id='word_1_75' title='bbox 1314 1183 1365 1261; x_wconf 89' lang='grc'>74,</span> <span class='ocrx_word' id='word_1_76' title='bbox 1392 1184 1451 1262; x_wconf 89' lang='grc'>24,</span> 
     </span>
     <span class='ocr_line' id='line_1_7' title="bbox 384 1286 1451 1373; baseline 0.003 -24"><span class='ocrx_word' id='word_1_77' title='bbox 384 1291 437 1368; x_wconf 89' lang='grc'>97,</span> <span class='ocrx_word' id='word_1_78' title='bbox 457 1289 512 1367; x_wconf 93' lang='grc'>14,</span> <span class='ocrx_word' id='word_1_79' title='bbox 539 1291 612 1367; x_wconf 88' lang='grc'>102,</span> <span class='ocrx_word' id='word_1_80' title='bbox 633 1291 672 1351; x_wconf 93' lang='grc'>12</span> <span class='ocrx_word' id='word_1_81' title='bbox 699 1286 759 1373; x_wconf 90' lang='grc'>(166</span> <span class='ocrx_word' id='word_1_82' title='bbox 773 1308 832 1370; x_wconf 88' lang='lat' dir='ltr'>pro</span> <span class='ocrx_word' id='word_1_83' title='bbox 850 1305 888 1351; x_wconf 93' lang='lat' dir='ltr'>eo</span> <span class='ocrx_word' id='word_1_84' title='bbox 905 1294 954 1352; x_wconf 88' lang='lat' dir='ltr'>est</span> <span class='ocrx_word' id='word_1_85' title='bbox 971 1309 998 1351; x_wconf 94' lang='grc'>6.</span> <span class='ocrx_word' id='word_1_86' title='bbox 1015 1310 1046 1370; x_wconf 93' lang='lat' dir='ltr'>q.</span> <span class='ocrx_word' id='word_1_87' title='bbox 1064 1287 1122 1373; x_wconf 87' lang='grc'>6.),</span> <span class='ocrx_word' id='word_1_88' title='bbox 1148 1292 1221 1370; x_wconf 88' lang='grc'>107,</span> <span class='ocrx_word' id='word_1_89' title='bbox 1238 1290 1273 1369; x_wconf 91' lang='grc'>4,</span> <span class='ocrx_word' id='word_1_90' title='bbox 1301 1291 1373 1370; x_wconf 91' lang='grc'>109,</span> <span class='ocrx_word' id='word_1_91' title='bbox 1394 1291 1451 1370; x_wconf 91' lang='grc'>13,</span> 
     </span>
    </p>
   </div>
   <div class='ocr_carea' id='block_1_3' title="bbox 380 1393 1453 4360">
    <p class='ocr_par' dir='ltr' id='par_1_3' title="bbox 380 1393 1453 2544">
     <span class='ocr_line' id='line_1_8' title="bbox 384 1393 1452 1477; baseline 0.003 -20"><span class='ocrx_word' id='word_1_92' title='bbox 384 1397 458 1475; x_wconf 91' lang='grc'>113,</span> <span class='ocrx_word' id='word_1_93' title='bbox 476 1397 511 1475; x_wconf 88' lang='grc'>6,</span> <span class='ocrx_word' id='word_1_94' title='bbox 539 1396 612 1476; x_wconf 91' lang='grc'>116,</span> <span class='ocrx_word' id='word_1_95' title='bbox 631 1397 649 1456; x_wconf 89' lang='grc'>3</span> <span class='ocrx_word' id='word_1_96' title='bbox 671 1399 704 1458; x_wconf 90' lang='grc'>66</span> <span class='ocrx_word' id='word_1_97' title='bbox 724 1396 760 1476; x_wconf 90' lang='grc'>4,</span> <span class='ocrx_word' id='word_1_98' title='bbox 787 1397 936 1476; x_wconf 89' lang='grc'>121,18,</span> <span class='ocrx_word' id='word_1_99' title='bbox 960 1393 1096 1477; x_wconf 90' lang='lat' dir='ltr'>denique</span> <span class='ocrx_word' id='word_1_100' title='bbox 1120 1394 1171 1458; x_wconf 87' lang='lat' dir='ltr'>vix</span> <span class='ocrx_word' id='word_1_101' title='bbox 1195 1394 1342 1477; x_wconf 84' lang='lat' dir='ltr'>equidem</span> <span class='ocrx_word' id='word_1_102' title='bbox 1365 1417 1452 1460; x_wconf 91' lang='lat' dir='ltr'>oom-</span> 
     </span>
     <span class='ocr_line' id='line_1_9' title="bbox 382 1500 1453 1583; baseline 0.002 -19"><span class='ocrx_word' id='word_1_103' title='bbox 382 1521 595 1565; x_wconf 82' lang='lat' dir='ltr'>memorarem</span> <span class='ocrx_word' id='word_1_104' title='bbox 618 1500 715 1565; x_wconf 89' lang='lat' dir='ltr'>etiam</span> <span class='ocrx_word' id='word_1_105' title='bbox 737 1500 769 1564; x_wconf 89' lang='lat' dir='ltr'>in</span> <span class='ocrx_word' id='word_1_106' title='bbox 793 1501 838 1564; x_wconf 95' lang='grc'>616</span> <span class='ocrx_word' id='word_1_107' title='bbox 861 1500 940 1564; x_wconf 85' lang='grc'>16616</span> <span class='ocrx_word' id='word_1_108' title='bbox 964 1501 1078 1583; x_wconf 91' lang='lat' dir='ltr'>quibus</span> <span class='ocrx_word' id='word_1_109' title='bbox 1102 1501 1144 1565; x_wconf 90' lang='lat' dir='ltr'>ad</span> <span class='ocrx_word' id='word_1_110' title='bbox 1165 1522 1278 1566; x_wconf 88' lang='lat' dir='ltr'>novam</span> <span class='ocrx_word' id='word_1_111' title='bbox 1295 1503 1453 1567; x_wconf 88' lang='lat' dir='ltr'>orationis</span> 
     </span>
     <span class='ocr_line' id='line_1_10' title="bbox 381 1606 1453 1692; baseline 0.001 -21"><span class='ocrx_word' id='word_1_112' title='bbox 381 1613 509 1689; x_wconf 85' lang='lat' dir='ltr'>partem</span> <span class='ocrx_word' id='word_1_113' title='bbox 532 1608 687 1672; x_wconf 82' lang='lat' dir='ltr'><strong>transitus</strong></span> <span class='ocrx_word' id='word_1_114' title='bbox 710 1606 780 1671; x_wconf 88' lang='lat' dir='ltr'>fieri</span> <span class='ocrx_word' id='word_1_115' title='bbox 803 1606 937 1688; x_wconf 85' lang='lat' dir='ltr'>videtur,</span> <span class='ocrx_word' id='word_1_116' title='bbox 968 1629 1093 1690; x_wconf 82' lang='lat' dir='ltr'>semper</span> <span class='ocrx_word' id='word_1_117' title='bbox 1116 1608 1250 1674; x_wconf 92' lang='lat' dir='ltr'>eandem</span> <span class='ocrx_word' id='word_1_118' title='bbox 1273 1608 1453 1692; x_wconf 72' lang='lat' dir='ltr'>particulae</span> 
     </span>
     <span class='ocr_line' id='line_1_11' title="bbox 381 1713 1451 1796; baseline 0.003 -19"><span class='ocrx_word' id='word_1_119' title='bbox 381 1714 444 1777; x_wconf 86' lang='lat' dir='ltr'>vim</span> <span class='ocrx_word' id='word_1_120' title='bbox 467 1714 598 1796; x_wconf 82' lang='lat' dir='ltr'><strong>agnosci</strong></span> <span class='ocrx_word' id='word_1_121' title='bbox 622 1714 792 1796; x_wconf 83' lang='lat' dir='ltr'>causalem,</span> <span class='ocrx_word' id='word_1_122' title='bbox 823 1714 884 1777; x_wconf 91' lang='lat' dir='ltr'>nisi</span> <span class='ocrx_word' id='word_1_123' title='bbox 914 1714 1013 1778; x_wconf 86' lang='lat' dir='ltr'>statui</span> <span class='ocrx_word' id='word_1_124' title='bbox 1043 1713 1191 1779; x_wconf 85' lang='lat' dir='ltr'>vidissem</span> <span class='ocrx_word' id='word_1_125' title='bbox 1214 1736 1234 1779; x_wconf 88' lang='lat' dir='ltr'>a</span> <span class='ocrx_word' id='word_1_126' title='bbox 1257 1713 1451 1780; x_wconf 85' lang='lat' dir='ltr'>Guenthero</span> 
     </span>
     <span class='ocr_line' id='line_1_12' title="bbox 380 1819 1451 1905; baseline 0 -21"><span class='ocrx_word' id='word_1_127' title='bbox 380 1819 401 1884; x_wconf 91' lang='lat' dir='ltr'>l.</span> <span class='ocrx_word' id='word_1_128' title='bbox 427 1841 454 1884; x_wconf 93' lang='lat' dir='ltr'>c.</span> <span class='ocrx_word' id='word_1_129' title='bbox 478 1842 511 1903; x_wconf 91' lang='lat' dir='ltr'>p.</span> <span class='ocrx_word' id='word_1_130' title='bbox 538 1825 556 1884; x_wconf 95' lang='grc'>9</span> <span class='ocrx_word' id='word_1_131' title='bbox 583 1821 698 1904; x_wconf 79' lang='lat' dir='ltr'>„quia“</span> <span class='ocrx_word' id='word_1_132' title='bbox 728 1821 761 1884; x_wconf 90' lang='lat' dir='ltr'>in</span> <span class='ocrx_word' id='word_1_133' title='bbox 784 1820 941 1885; x_wconf 90' lang='lat' dir='ltr'>eiusmodi</span> <span class='ocrx_word' id='word_1_134' title='bbox 963 1820 1043 1884; x_wconf 88' lang='lat' dir='ltr'>locis</span> <span class='ocrx_word' id='word_1_135' title='bbox 1067 1820 1109 1884; x_wconf 89' lang='lat' dir='ltr'>ad</span> <span class='ocrx_word' id='word_1_136' title='bbox 1136 1821 1324 1905; x_wconf 78' lang='lat' dir='ltr'>„quoniam“</span> <span class='ocrx_word' id='word_1_137' title='bbox 1350 1823 1451 1905; x_wconf 88' lang='lat' dir='ltr'>parti-</span> 
     </span>
     <span class='ocr_line' id='line_1_13' title="bbox 381 1926 1451 2009; baseline 0 -17"><span class='ocrx_word' id='word_1_138' title='bbox 381 1927 472 1992; x_wconf 82' lang='lat' dir='ltr'>culae</span> <span class='ocrx_word' id='word_1_139' title='bbox 499 1927 562 1991; x_wconf 84' lang='lat' dir='ltr'>uim</span> <span class='ocrx_word' id='word_1_140' title='bbox 589 1926 765 2009; x_wconf 86' lang='lat' dir='ltr'>adspirare.</span> <span class='ocrx_word' id='word_1_141' title='bbox 815 1927 911 1991; x_wconf 93' lang='lat' dir='ltr'>immo</span> <span class='ocrx_word' id='word_1_142' title='bbox 941 1929 1038 1992; x_wconf 86' lang='lat' dir='ltr'>etiam</span> <span class='ocrx_word' id='word_1_143' title='bbox 1064 1927 1097 1990; x_wconf 93' lang='lat' dir='ltr'>in</span> <span class='ocrx_word' id='word_1_144' title='bbox 1128 1928 1177 1991; x_wconf 95' lang='grc'>016</span> <span class='ocrx_word' id='word_1_145' title='bbox 1209 1928 1451 1993; x_wconf 89' lang='lat' dir='ltr'>enuntiatorum</span> 
     </span>
     <span class='ocr_line' id='line_1_14' title="bbox 380 2032 1453 2117; baseline 0.001 -19"><span class='ocrx_word' id='word_1_146' title='bbox 380 2055 480 2098; x_wconf 89' lang='lat' dir='ltr'>nexus</span> <span class='ocrx_word' id='word_1_147' title='bbox 512 2055 637 2116; x_wconf 85' lang='lat' dir='ltr'>semper</span> <span class='ocrx_word' id='word_1_148' title='bbox 659 2039 768 2098; x_wconf 88' lang='lat' dir='ltr'>manet</span> <span class='ocrx_word' id='word_1_149' title='bbox 791 2053 878 2098; x_wconf 88' lang='lat' dir='ltr'>mere</span> <span class='ocrx_word' id='word_1_150' title='bbox 902 2032 1040 2098; x_wconf 86' lang='lat' dir='ltr'>causalis</span> <span class='ocrx_word' id='word_1_151' title='bbox 1063 2033 1094 2097; x_wconf 89' lang='lat' dir='ltr'>vi</span> <span class='ocrx_word' id='word_1_152' title='bbox 1116 2033 1293 2116; x_wconf 78' lang='lat' dir='ltr'>particulae</span> <span class='ocrx_word' id='word_1_153' title='bbox 1317 2036 1453 2117; x_wconf 89' lang='lat' dir='ltr'>propria</span> 
     </span>
     <span class='ocr_line' id='line_1_15' title="bbox 380 2139 1449 2222; baseline 0.002 -20"><span class='ocrx_word' id='word_1_154' title='bbox 380 2140 468 2205; x_wconf 91' lang='lat' dir='ltr'>nullo</span> <span class='ocrx_word' id='word_1_155' title='bbox 493 2139 590 2204; x_wconf 90' lang='lat' dir='ltr'>modo</span> <span class='ocrx_word' id='word_1_156' title='bbox 614 2145 747 2204; x_wconf 87' lang='lat' dir='ltr'>mutata.</span> <span class='ocrx_word' id='word_1_157' title='bbox 795 2140 932 2222; x_wconf 85' lang='lat' dir='ltr'>exempli</span> <span class='ocrx_word' id='word_1_158' title='bbox 955 2140 1060 2221; x_wconf 85' lang='lat' dir='ltr'>gratia</span> <span class='ocrx_word' id='word_1_159' title='bbox 1083 2162 1181 2205; x_wconf 92' lang='lat' dir='ltr'>unum</span> <span class='ocrx_word' id='word_1_160' title='bbox 1204 2139 1303 2205; x_wconf 87' lang='lat' dir='ltr'>affero</span> <span class='ocrx_word' id='word_1_161' title='bbox 1326 2141 1449 2206; x_wconf 91' lang='lat' dir='ltr'>locum:</span> 
     </span>
     <span class='ocr_line' id='line_1_16' title="bbox 381 2246 1452 2333; baseline 0.002 -23"><span class='ocrx_word' id='word_1_162' title='bbox 381 2268 431 2330; x_wconf 92' lang='lat' dir='ltr'>ep.</span> <span class='ocrx_word' id='word_1_163' title='bbox 452 2251 503 2330; x_wconf 84' lang='lat'>14,</span> <span class='ocrx_word' id='word_1_164' title='bbox 524 2251 578 2311; x_wconf 82' lang='lat'>17:</span> <span class='ocrx_word' id='word_1_165' title='bbox 607 2269 724 2333; x_wconf 83' lang='lat' dir='ltr'>„aurea</span> <span class='ocrx_word' id='word_1_166' title='bbox 740 2254 772 2313; x_wconf 93' lang='lat' dir='ltr'>te</span> <span class='ocrx_word' id='word_1_167' title='bbox 789 2248 872 2329; x_wconf 91' lang='lat' dir='ltr'>stipe</span> <span class='ocrx_word' id='word_1_168' title='bbox 888 2246 1028 2330; x_wconf 91' lang='lat' dir='ltr'>implebo</span> <span class='ocrx_word' id='word_1_169' title='bbox 1053 2252 1086 2311; x_wconf 90' lang='lat' dir='ltr'>et</span> <span class='ocrx_word' id='word_1_170' title='bbox 1110 2248 1185 2330; x_wconf 86' lang='lat' dir='ltr'>quia</span> <span class='ocrx_word' id='word_1_171' title='bbox 1207 2247 1295 2312; x_wconf 90' lang='lat' dir='ltr'>facta</span> <span class='ocrx_word' id='word_1_172' title='bbox 1314 2254 1364 2313; x_wconf 90' lang='lat' dir='ltr'>est</span> <span class='ocrx_word' id='word_1_173' title='bbox 1380 2250 1452 2312; x_wconf 90' lang='lat' dir='ltr'>auri</span> 
     </span>
     <span class='ocr_line' id='line_1_17' title="bbox 381 2352 1452 2437; baseline -0.002 -19"><span class='ocrx_word' id='word_1_174' title='bbox 381 2353 512 2436; x_wconf 87' lang='lat' dir='ltr'>mentio,</span> <span class='ocrx_word' id='word_1_175' title='bbox 545 2355 654 2437; x_wconf 92' lang='lat' dir='ltr'>accipe</span> <span class='ocrx_word' id='word_1_176' title='bbox 687 2353 954 2437; x_wconf 90' lang='lat' dir='ltr'>quemadmodum</span> <span class='ocrx_word' id='word_1_177' title='bbox 985 2374 1061 2417; x_wconf 91' lang='lat' dir='ltr'>usus</span> <span class='ocrx_word' id='word_1_178' title='bbox 1089 2352 1276 2436; x_wconf 89' lang='lat' dir='ltr'>fructusque</span> <span class='ocrx_word' id='word_1_179' title='bbox 1301 2355 1368 2418; x_wconf 90' lang='lat' dir='ltr'>eius</span> <span class='ocrx_word' id='word_1_180' title='bbox 1392 2354 1452 2418; x_wconf 90' lang='grc'>6101</span> 
     </span>
     <span class='ocr_line' id='line_1_18' title="bbox 383 2460 760 2544; baseline -0.003 -19"><span class='ocrx_word' id='word_1_181' title='bbox 383 2481 452 2525; x_wconf 87' lang='grc'>6666</span> <span class='ocrx_word' id='word_1_182' title='bbox 476 2461 601 2543; x_wconf 87' lang='lat' dir='ltr'>gratior</span> <span class='ocrx_word' id='word_1_183' title='bbox 624 2460 760 2544; x_wconf 81' lang='lat' dir='ltr'>possit“.</span> 
     </span>
    </p>

    <p class='ocr_par' dir='ltr' id='par_1_4' title="bbox 380 2565 1452 3824">
     <span class='ocr_line' id='line_1_19' title="bbox 448 2565 1450 2648; baseline 0.003 -19"><span class='ocrx_word' id='word_1_184' title='bbox 448 2566 487 2631; x_wconf 93' lang='lat' dir='ltr'>Il</span> <span class='ocrx_word' id='word_1_185' title='bbox 516 2567 588 2632; x_wconf 90' lang='lat' dir='ltr'>Iam</span> <span class='ocrx_word' id='word_1_186' title='bbox 617 2574 654 2632; x_wconf 88' lang='lat' dir='ltr'>ut</span> <span class='ocrx_word' id='word_1_187' title='bbox 683 2566 724 2632; x_wconf 91' lang='grc'>66</span> <span class='ocrx_word' id='word_1_188' title='bbox 754 2566 878 2648; x_wconf 85' lang='lat' dir='ltr'>singula</span> <span class='ocrx_word' id='word_1_189' title='bbox 900 2573 1108 2647; x_wconf 84' lang='lat' dir='ltr'>transeamus,</span> <span class='ocrx_word' id='word_1_190' title='bbox 1142 2566 1307 2631; x_wconf 89' lang='lat' dir='ltr'>exordium</span> <span class='ocrx_word' id='word_1_191' title='bbox 1330 2565 1387 2632; x_wconf 87' lang='lat' dir='ltr'>fiat</span> <span class='ocrx_word' id='word_1_192' title='bbox 1409 2567 1450 2632; x_wconf 89' lang='grc'>60</span> 
     </span>
     <span class='ocr_line' id='line_1_20' title="bbox 383 2673 1452 2757; baseline -0.001 -19"><span class='ocrx_word' id='word_1_193' title='bbox 383 2695 421 2739; x_wconf 91' lang='lat' dir='ltr'>eo</span> <span class='ocrx_word' id='word_1_194' title='bbox 446 2674 676 2739; x_wconf 91' lang='lat' dir='ltr'>coniunctionis</span> <span class='ocrx_word' id='word_1_195' title='bbox 694 2674 809 2757; x_wconf 75' lang='lat' dir='ltr'>„quia“</span> <span class='ocrx_word' id='word_1_196' title='bbox 827 2694 897 2755; x_wconf 88' lang='lat' dir='ltr'>usu,</span> <span class='ocrx_word' id='word_1_197' title='bbox 922 2695 985 2756; x_wconf 92' lang='lat' dir='ltr'>quo</span> <span class='ocrx_word' id='word_1_198' title='bbox 1003 2673 1183 2756; x_wconf 89' lang='lat' dir='ltr'>complures</span> <span class='ocrx_word' id='word_1_199' title='bbox 1199 2673 1452 2738; x_wconf 89' lang='lat' dir='ltr'>introducuntur</span> 
     </span>
     <span class='ocr_line' id='line_1_21' title="bbox 383 2779 1447 2866; baseline -0.002 -20"><span class='ocrx_word' id='word_1_200' title='bbox 383 2802 497 2846; x_wconf 86' lang='lat' dir='ltr'>causae</span> <span class='ocrx_word' id='word_1_201' title='bbox 530 2803 550 2845; x_wconf 90' lang='lat' dir='ltr'>a</span> <span class='ocrx_word' id='word_1_202' title='bbox 582 2782 738 2864; x_wconf 83' lang='lat' dir='ltr'>scriptore</span> <span class='ocrx_word' id='word_1_203' title='bbox 770 2801 829 2863; x_wconf 93' lang='lat' dir='ltr'>per</span> <span class='ocrx_word' id='word_1_204' title='bbox 858 2779 1047 2864; x_wconf 87' lang='lat' dir='ltr'>particulam</span> <span class='ocrx_word' id='word_1_205' title='bbox 1073 2781 1186 2864; x_wconf 65' lang='grc' dir='ltr'>,(1616ιι</span> <span class='ocrx_word' id='word_1_206' title='bbox 1213 2779 1307 2844; x_wconf 84' lang='grc'>616611</span> <span class='ocrx_word' id='word_1_207' title='bbox 1333 2781 1447 2866; x_wconf 78' lang='lat' dir='ltr'>„quia“</span> 
     </span>
     <span class='ocr_line' id='line_1_22' title="bbox 383 2886 1449 2971; baseline -0.002 -19"><span class='ocrx_word' id='word_1_208' title='bbox 383 2888 575 2970; x_wconf 86' lang='lat' dir='ltr'>oppositam.</span> <span class='ocrx_word' id='word_1_209' title='bbox 593 2889 681 2954; x_wconf 90' lang='lat' dir='ltr'>cuius</span> <span class='ocrx_word' id='word_1_210' title='bbox 698 2887 783 2952; x_wconf 90' lang='lat' dir='ltr'>modi</span> <span class='ocrx_word' id='word_1_211' title='bbox 800 2887 924 2970; x_wconf 84' lang='lat' dir='ltr'>generis</span> <span class='ocrx_word' id='word_1_212' title='bbox 941 2887 1068 2952; x_wconf 91' lang='lat' dir='ltr'>dicendi</span> <span class='ocrx_word' id='word_1_213' title='bbox 1083 2887 1146 2951; x_wconf 89' lang='lat' dir='ltr'>tria</span> <span class='ocrx_word' id='word_1_214' title='bbox 1162 2886 1307 2969; x_wconf 86' lang='lat' dir='ltr'>exempla</span> <span class='ocrx_word' id='word_1_215' title='bbox 1322 2887 1449 2971; x_wconf 90' lang='lat' dir='ltr'>repperi</span> 
     </span>
     <span class='ocr_line' id='line_1_23' title="bbox 381 2993 1447 3080; baseline -0.002 -21"><span class='ocrx_word' id='word_1_216' title='bbox 381 2995 474 3060; x_wconf 89' lang='lat' dir='ltr'>haec:</span> <span class='ocrx_word' id='word_1_217' title='bbox 500 2996 576 3065; x_wconf 93' lang='lat' dir='ltr'>d.V</span> <span class='ocrx_word' id='word_1_218' title='bbox 600 3001 631 3078; x_wconf 90' lang='grc'>9,</span> <span class='ocrx_word' id='word_1_219' title='bbox 655 2999 694 3060; x_wconf 89' lang='lat'>4:</span> <span class='ocrx_word' id='word_1_220' title='bbox 723 2995 825 3080; x_wconf 77' lang='lat' dir='ltr'>„ideo,</span> <span class='ocrx_word' id='word_1_221' title='bbox 851 2994 965 3077; x_wconf 87' lang='lat' dir='ltr'>quibus</span> <span class='ocrx_word' id='word_1_222' title='bbox 989 2993 1175 3059; x_wconf 88' lang='lat' dir='ltr'>stomachus</span> <span class='ocrx_word' id='word_1_223' title='bbox 1199 2999 1365 3076; x_wconf 88' lang='lat' dir='ltr'>suspectus</span> <span class='ocrx_word' id='word_1_224' title='bbox 1389 3000 1447 3073; x_wconf 90' lang='lat' dir='ltr'>est,</span> 
     </span>
     <span class='ocr_line' id='line_1_24' title="bbox 381 3099 1447 3186; baseline -0.002 -20"><span class='ocrx_word' id='word_1_225' title='bbox 381 3103 563 3186; x_wconf 89' lang='lat' dir='ltr'>processuri</span> <span class='ocrx_word' id='word_1_226' title='bbox 597 3103 639 3168; x_wconf 89' lang='lat' dir='ltr'>ad</span> <span class='ocrx_word' id='word_1_227' title='bbox 673 3123 725 3166; x_wconf 87' lang='lat' dir='ltr'>res</span> <span class='ocrx_word' id='word_1_228' title='bbox 759 3099 902 3184; x_wconf 84' lang='lat' dir='ltr'>agendas</span> <span class='ocrx_word' id='word_1_229' title='bbox 938 3101 1067 3165; x_wconf 89' lang='lat' dir='ltr'>maioris</span> <span class='ocrx_word' id='word_1_230' title='bbox 1100 3101 1222 3183; x_wconf 87' lang='lat' dir='ltr'>negotii</span> <span class='ocrx_word' id='word_1_231' title='bbox 1253 3100 1349 3165; x_wconf 90' lang='lat' dir='ltr'>bilem</span> <span class='ocrx_word' id='word_1_232' title='bbox 1379 3100 1447 3164; x_wconf 90' lang='lat' dir='ltr'>cibo</span> 
     </span>
     <span class='ocr_line' id='line_1_25' title="bbox 382 3207 1449 3292; baseline -0.002 -19"><span class='ocrx_word' id='word_1_233' title='bbox 382 3214 578 3292; x_wconf 88' lang='lat' dir='ltr'>temperant,</span> <span class='ocrx_word' id='word_1_234' title='bbox 613 3229 709 3291; x_wconf 86' lang='lat' dir='ltr'>quam</span> <span class='ocrx_word' id='word_1_235' title='bbox 740 3209 876 3273; x_wconf 85' lang='lat' dir='ltr'>maxime</span> <span class='ocrx_word' id='word_1_236' title='bbox 909 3212 1017 3273; x_wconf 79' lang='lat' dir='ltr'>moret</span> <span class='ocrx_word' id='word_1_237' title='bbox 1047 3207 1209 3290; x_wconf 84' lang='lat' dir='ltr'>fatigatio,</span> <span class='ocrx_word' id='word_1_238' title='bbox 1242 3207 1322 3271; x_wconf 88' lang='grc'>6116</span> <span class='ocrx_word' id='word_1_239' title='bbox 1354 3207 1449 3289; x_wconf 89' lang='lat' dir='ltr'>quia</span> 
     </span>
     <span class='ocr_line' id='line_1_26' title="bbox 383 3313 1448 3398; baseline -0.002 -18"><span class='ocrx_word' id='word_1_240' title='bbox 383 3315 522 3381; x_wconf 89' lang='lat' dir='ltr'>calorem</span> <span class='ocrx_word' id='word_1_241' title='bbox 544 3317 577 3380; x_wconf 90' lang='lat' dir='ltr'>in</span> <span class='ocrx_word' id='word_1_242' title='bbox 600 3315 705 3380; x_wconf 91' lang='lat' dir='ltr'>media</span> <span class='ocrx_word' id='word_1_243' title='bbox 728 3313 892 3398; x_wconf 89' lang='lat' dir='ltr'>compellit</span> <span class='ocrx_word' id='word_1_244' title='bbox 915 3319 948 3378; x_wconf 90' lang='lat' dir='ltr'>et</span> <span class='ocrx_word' id='word_1_245' title='bbox 970 3320 1067 3379; x_wconf 92' lang='lat' dir='ltr'>nocet</span> <span class='ocrx_word' id='word_1_246' title='bbox 1090 3314 1236 3396; x_wconf 87' lang='lat' dir='ltr'>sanguini</span> <span class='ocrx_word' id='word_1_247' title='bbox 1260 3335 1448 3395; x_wconf 91' lang='lat' dir='ltr'>cursumque</span> 
     </span>
     <span class='ocr_line' id='line_1_27' title="bbox 383 3419 1447 3503; baseline -0.005 -15"><span class='ocrx_word' id='word_1_248' title='bbox 383 3423 450 3488; x_wconf 90' lang='lat' dir='ltr'>eius</span> <span class='ocrx_word' id='word_1_249' title='bbox 484 3421 571 3488; x_wconf 88' lang='lat' dir='ltr'>venis</span> <span class='ocrx_word' id='word_1_250' title='bbox 606 3421 826 3487; x_wconf 83' lang='lat' dir='ltr'>laborantibus</span> <span class='ocrx_word' id='word_1_251' title='bbox 859 3420 958 3502; x_wconf 83' lang='lat' dir='ltr'>sistit,</span> <span class='ocrx_word' id='word_1_252' title='bbox 994 3421 1079 3485; x_wconf 88' lang='lat' dir='ltr'>sive</span> <span class='ocrx_word' id='word_1_253' title='bbox 1114 3421 1208 3503; x_wconf 88' lang='lat' dir='ltr'>quia</span> <span class='ocrx_word' id='word_1_254' title='bbox 1242 3441 1360 3503; x_wconf 92' lang='lat' dir='ltr'>corpus</span> <span class='ocrx_word' id='word_1_255' title='bbox 1394 3419 1447 3483; x_wconf 88' lang='lat' dir='ltr'>ad-</span> 
     </span>
     <span class='ocr_line' id='line_1_28' title="bbox 381 3525 1447 3610; baseline -0.003 -17"><span class='ocrx_word' id='word_1_256' title='bbox 381 3535 548 3594; x_wconf 88' lang='lat' dir='ltr'>tenuatum</span> <span class='ocrx_word' id='word_1_257' title='bbox 576 3534 608 3594; x_wconf 94' lang='lat' dir='ltr'>et</span> <span class='ocrx_word' id='word_1_258' title='bbox 635 3527 795 3594; x_wconf 88' lang='lat' dir='ltr'>infirmum</span> <span class='ocrx_word' id='word_1_259' title='bbox 821 3527 977 3592; x_wconf 88' lang='lat' dir='ltr'>incumbit</span> <span class='ocrx_word' id='word_1_260' title='bbox 1000 3527 1140 3591; x_wconf 81' lang='lat' dir='ltr'>animo“.</span> <span class='ocrx_word' id='word_1_261' title='bbox 1173 3547 1306 3610; x_wconf 88' lang='lat' dir='ltr'>prorsus</span> <span class='ocrx_word' id='word_1_262' title='bbox 1337 3525 1447 3591; x_wconf 88' lang='lat' dir='ltr'>eadem</span> 
     </span>
     <span class='ocr_line' id='line_1_29' title="bbox 380 3631 1446 3720; baseline -0.005 -21"><span class='ocrx_word' id='word_1_263' title='bbox 380 3635 507 3700; x_wconf 88' lang='lat' dir='ltr'>ratione</span> <span class='ocrx_word' id='word_1_264' title='bbox 534 3634 617 3720; x_wconf 81' lang='lat' dir='ltr'>„sive</span> <span class='ocrx_word' id='word_1_265' title='bbox 642 3635 780 3717; x_wconf 86' lang='lat' dir='ltr'>quia-</span> <span class='ocrx_word' id='word_1_266' title='bbox 807 3633 871 3698; x_wconf 88' lang='lat' dir='ltr'>sive</span> <span class='ocrx_word' id='word_1_267' title='bbox 895 3633 989 3716; x_wconf 88' lang='lat' dir='ltr'>quia“</span> <span class='ocrx_word' id='word_1_268' title='bbox 1014 3631 1164 3716; x_wconf 87' lang='lat' dir='ltr'>leguntur</span> <span class='ocrx_word' id='word_1_269' title='bbox 1191 3654 1240 3716; x_wconf 92' lang='lat' dir='ltr'>ep.</span> <span class='ocrx_word' id='word_1_270' title='bbox 1264 3654 1307 3696; x_wconf 91' lang='lat' dir='ltr'>m.</span> <span class='ocrx_word' id='word_1_271' title='bbox 1330 3635 1384 3714; x_wconf 87' lang='grc'>49,</span> <span class='ocrx_word' id='word_1_272' title='bbox 1408 3634 1446 3712; x_wconf 90' lang='grc'>4,</span> 
     </span>
     <span class='ocr_line' id='line_1_30' title="bbox 383 3746 491 3824; baseline 0.019 -20"><span class='ocrx_word' id='word_1_273' title='bbox 383 3746 435 3824; x_wconf 89' lang='grc'>16,</span> <span class='ocrx_word' id='word_1_274' title='bbox 460 3746 491 3806; x_wconf 89' lang='grc'>6.</span> 
     </span>
    </p>

    <p class='ocr_par' dir='ltr' id='par_1_5' title="bbox 381 3845 1449 4360">
     <span class='ocr_line' id='line_1_31' title="bbox 447 3845 1449 3929; baseline -0.008 -14"><span class='ocrx_word' id='word_1_275' title='bbox 447 3847 570 3915; x_wconf 87' lang='lat' dir='ltr'>Verum</span> <span class='ocrx_word' id='word_1_276' title='bbox 599 3847 680 3912; x_wconf 90' lang='lat' dir='ltr'>haec</span> <span class='ocrx_word' id='word_1_277' title='bbox 708 3847 862 3913; x_wconf 88' lang='lat' dir='ltr'>orationis</span> <span class='ocrx_word' id='word_1_278' title='bbox 894 3846 1070 3929; x_wconf 84' lang='lat' dir='ltr'>aequalitas</span> <span class='ocrx_word' id='word_1_279' title='bbox 1093 3867 1158 3911; x_wconf 94' lang='lat' dir='ltr'>non</span> <span class='ocrx_word' id='word_1_280' title='bbox 1181 3845 1298 3928; x_wconf 93' lang='lat' dir='ltr'>ubique</span> <span class='ocrx_word' id='word_1_281' title='bbox 1323 3849 1449 3910; x_wconf 90' lang='lat' dir='ltr'>servata</span> 
     </span>
     <span class='ocr_line' id='line_1_32' title="bbox 382 3949 1447 4035; baseline -0.006 -16"><span class='ocrx_word' id='word_1_282' title='bbox 382 3962 440 4020; x_wconf 90' lang='grc'>666.</span> <span class='ocrx_word' id='word_1_283' title='bbox 463 3954 551 4019; x_wconf 90' lang='lat' dir='ltr'>haud</span> <span class='ocrx_word' id='word_1_284' title='bbox 573 3975 648 4018; x_wconf 87' lang='lat' dir='ltr'>raro</span> <span class='ocrx_word' id='word_1_285' title='bbox 672 3954 755 4018; x_wconf 89' lang='lat' dir='ltr'>euim</span> <span class='ocrx_word' id='word_1_286' title='bbox 779 3974 895 4018; x_wconf 88' lang='lat' dir='ltr'>causae</span> <span class='ocrx_word' id='word_1_287' title='bbox 919 3953 1012 4017; x_wconf 86' lang='lat' dir='ltr'>alicui</span> <span class='ocrx_word' id='word_1_288' title='bbox 1036 3957 1092 4017; x_wconf 88' lang='lat' dir='ltr'>aut</span> <span class='ocrx_word' id='word_1_289' title='bbox 1115 3973 1173 4035; x_wconf 92' lang='lat' dir='ltr'>per</span> <span class='ocrx_word' id='word_1_290' title='bbox 1188 3951 1361 4017; x_wconf 88' lang='lat' dir='ltr'>ablativum</span> <span class='ocrx_word' id='word_1_291' title='bbox 1377 3949 1447 4014; x_wconf 90' lang='lat' dir='ltr'>sub-</span> 
     </span>
     <span class='ocr_line' id='line_1_33' title="bbox 381 4057 1447 4144; baseline -0.006 -19"><span class='ocrx_word' id='word_1_292' title='bbox 381 4061 511 4125; x_wconf 88' lang='lat' dir='ltr'>stantivi</span> <span class='ocrx_word' id='word_1_293' title='bbox 534 4061 584 4126; x_wconf 89' lang='lat' dir='ltr'>vel</span> <span class='ocrx_word' id='word_1_294' title='bbox 607 4061 804 4144; x_wconf 87' lang='lat' dir='ltr'>pronominis</span> <span class='ocrx_word' id='word_1_295' title='bbox 825 4063 881 4124; x_wconf 88' lang='lat' dir='ltr'>aut</span> <span class='ocrx_word' id='word_1_296' title='bbox 896 4081 955 4142; x_wconf 88' lang='lat' dir='ltr'>per</span> <span class='ocrx_word' id='word_1_297' title='bbox 971 4059 1221 4124; x_wconf 87' lang='lat' dir='ltr'>enuntiationem</span> <span class='ocrx_word' id='word_1_298' title='bbox 1236 4057 1447 4141; x_wconf 91' lang='lat' dir='ltr'>praepositio-</span> 
     </span>
     <span class='ocr_line' id='line_1_34' title="bbox 381 4164 1448 4249; baseline -0.004 -19"><span class='ocrx_word' id='word_1_299' title='bbox 381 4167 484 4232; x_wconf 89' lang='lat' dir='ltr'>nalem</span> <span class='ocrx_word' id='word_1_300' title='bbox 516 4187 684 4249; x_wconf 87' lang='lat' dir='ltr'>expressae</span> <span class='ocrx_word' id='word_1_301' title='bbox 715 4188 796 4230; x_wconf 86' lang='lat' dir='ltr'>nova</span> <span class='ocrx_word' id='word_1_302' title='bbox 823 4165 1006 4231; x_wconf 89' lang='lat' dir='ltr'>adnectitur</span> <span class='ocrx_word' id='word_1_303' title='bbox 1030 4186 1127 4229; x_wconf 87' lang='lat' dir='ltr'>causa</span> <span class='ocrx_word' id='word_1_304' title='bbox 1149 4164 1259 4229; x_wconf 90' lang='lat' dir='ltr'>addito</span> <span class='ocrx_word' id='word_1_305' title='bbox 1284 4164 1448 4228; x_wconf 89' lang='lat' dir='ltr'>enuntiato</span> 
     </span>
     <span class='ocr_line' id='line_1_35' title="bbox 382 4271 1446 4360; baseline -0.004 -22"><span class='ocrx_word' id='word_1_306' title='bbox 382 4295 421 4339; x_wconf 86' lang='lat' dir='ltr'>ex</span> <span class='ocrx_word' id='word_1_307' title='bbox 447 4275 560 4360; x_wconf 76' lang='lat' dir='ltr'>„quia“</span> <span class='ocrx_word' id='word_1_308' title='bbox 587 4295 754 4356; x_wconf 88' lang='lat' dir='ltr'>suspenso.</span> <span class='ocrx_word' id='word_1_309' title='bbox 785 4293 868 4355; x_wconf 92' lang='lat' dir='ltr'>quae</span> <span class='ocrx_word' id='word_1_310' title='bbox 896 4272 1139 4352; x_wconf 89' lang='lat' dir='ltr'>inconcinnitas,</span> <span class='ocrx_word' id='word_1_311' title='bbox 1174 4292 1269 4354; x_wconf 86' lang='lat' dir='ltr'>quem</span> <span class='ocrx_word' id='word_1_312' title='bbox 1293 4271 1446 4335; x_wconf 81' lang='lat' dir='ltr'>Taciteae</span> 
     </span>
    </p>
   </div>
   <div class='ocr_carea' id='block_1_4' title="bbox 0 0 1608 5208">
    <p class='ocr_par' dir='ltr' id='par_1_6' title="bbox 0 0 1608 5208">
     <span class='ocr_line' id='line_1_36' title="bbox 0 0 1608 5208; baseline 0 0"><span class='ocrx_word' id='word_1_313' title='bbox 0 0 1608 5208; x_wconf 95' lang='lat' dir='ltr'> </span> 
     </span>
    </p>
   </div>
  </div>
 </body>
</html>
