3206 5208
783 561 1000 623 „34-

355 735 1420 822 1111141117,1;114,1,1129,1,61.11.5,1;

357 848 410 926 24,
424 848 458 926 5,
483 848 610 927 63,14,
634 850 685 928 78,
701 849 735 928 3,
754 850 805 926 79,
822 847 877 927 15,
895 849 948 927 86,
963 849 997 927 5,
1015 850 1068 927 88,
1081 848 1140 927 40,
1158 849 1210 926 93,
1224 851 1259 928 8,
1278 849 1352 927 101,
1368 848 1420 927 14,

358 956 433 1034 102,
459 956 514 1034 10,
539 957 592 1033 94,
619 957 672 1035 38,
703 974 798 1035 quem
826 951 931 1016 locum
954 952 1154 1017 Rossbaclrio
1177 952 1356 1035 adstipulor
1378 953 1422 1016 sic

356 1057 509 1123 scribenti
531 1059 553 1125 l.
576 1059 597 1122 l.
621 1081 653 1142 p.
680 1063 760 1123 156:
795 1059 847 1142 ,in
874 1060 936 1123 hac
958 1081 994 1124 re
1016 1059 1169 1124 dissentio
1193 1081 1213 1124 a
1234 1058 1422 1140 Posidonio,

356 1165 424 1248 qui:
448 1165 607 1248 improbo,
631 1165 744 1247 inquit,
769 1165 856 1247 quod
872 1165 1019 1230 Platonis
1042 1165 1166 1247 legibus
1189 1165 1316 1230 adiecta
1338 1167 1422 1248 prin-

356 1273 441 1354 cipia
464 1273 557 1338 sunt“
584 1295 611 1338 e.
636 1294 667 1355 q.
692 1294 717 1338 s.
734 1272 768 1356 ¹).
795 1272 952 1336 ablativus
979 1275 1056 1356 „e0“
1083 1276 1132 1336 est
1156 1271 1351 1356 supplendus
1374 1278 1424 1338 ter

356 1379 475 1444 decies:
500 1380 531 1447 d.
555 1380 574 1442 I
598 1383 628 1461 3,
654 1383 688 1442 9:
715 1380 897 1463 ,veniamus
920 1379 962 1444 ad
986 1379 1161 1461 Regulum:
1193 1379 1271 1462 quid
1293 1380 1338 1444 illi
1361 1380 1423 1445 for-

356 1491 436 1550 tuna
455 1487 566 1550 nocuit
581 1485 640 1571 (so.
658 1486 723 1572 eo),
748 1488 835 1568 quod
858 1486 946 1550 illum
970 1487 1195 1551 documentum
1218 1486 1302 1568 fidei,
1327 1487 1423 1552 docu-

355 1599 497 1658 mentum
527 1593 700 1675 patientiae
723 1592 856 1657 fecit?“.
892 1593 1053 1675 prioribus
1077 1615 1142 1657 non
1175 1593 1317 1676 dispares
1351 1598 1423 1658 sunt

356 1700 491 1765 locihi:
524 1701 735 1783 11.13,12,
763 1701 1068 1783 ΙΙ2,3,Ι1728,
1096 1700 1287 1783 1,Χ110,
1316 1703 1351 1781 1,
1385 1700 1423 1764 de

356 1807 1422 1890 1161.19,1,ΙΠ35,3,1.1]1.116,8,Ι17,1,ΙΙ9,4,

355 1915 389 1982 V
411 1919 443 1997 4,
469 1919 502 1986 2,
531 1914 581 1983 VI
605 1920 636 1997 8,
661 1919 696 1997 2,
727 1936 843 1997 epm.
870 1918 921 1996 74,
947 1920 999 1978 22.
1034 1914 1202 1979 Γ1161116111
1232 1936 1325 1978 usum
1355 1914 1423 1978 illu-

356 2027 462 2087 strans
485 2023 548 2088 hoc
572 2022 721 2087 observat
743 2021 899 2087 Reussius
921 2023 943 2089 l.
968 2044 995 2085 c.
1019 2043 1051 2104 p.
1077 2025 1133 2085 24:
1162 2021 1369 2105 ,plerumque
1392 2022 1422 2085 in

356 2130 530 2194 enuntiatis
545 2128 852 2210 instrumentalibus,
876 2130 931 2194 ubi
954 2130 1015 2194 hac
1038 2128 1268 2212 significatione
1292 2129 1421 2212 (indem,

357 2236 502 2301 daduroh
518 2236 606 2322 dass)
619 2237 731 2318 utitur,
751 2236 878 2319 ,qu0d“
893 2237 960 2301 sine
978 2236 1168 2301 correlative
1185 2237 1325 2317 positum
1342 2237 1422 2300 est“.

423 2343 523 2408 Haud
546 2343 701 2408 absonum
724 2344 785 2407 erit
807 2364 910 2426 pauca
930 2343 992 2407 hoc
1013 2343 1122 2408 statim
1144 2343 1215 2408 loco
1232 2343 1422 2407 interserere

357 2451 396 2516 de
423 2451 501 2537 ,nisi
525 2451 631 2534 (11111α
651 2450 806 2515 formulae
823 2471 892 2514 usu.
943 2450 1148 2536 „nisiqu0d“
1166 2450 1253 2533 apud
1269 2448 1420 2514 Senecam

357 2557 544 2624 offendimus
569 2559 669 2623 octies
692 2563 768 2641 post
792 2557 1001 2639 enuntiatum,
1025 2558 1057 2621 in
1081 2579 1144 2640 quo
1168 2557 1327 2622 sententia
1342 2557 1424 2621 inest

356 2666 514 2748 negative,
548 2666 715 2748 quinquies
743 2671 817 2748 post
844 2666 1035 2729 sententiam
1059 2663 1292 2730 affirmativam.
1339 2665 1372 2727 in
1396 2664 1422 2726 vi

356 2778 463 2837 autem
487 2794 525 2837 ac
548 2776 711 2854 potestate
735 2772 828 2836 huius
852 2772 1000 2836 dictionis
1025 2771 1214 2853 explicanda
1236 2771 1342 2836 facere
1358 2791 1421 2835 non

356 2900 485 2962 possum
519 2880 595 2960 quin
624 2879 741 2943 Wexio
777 2878 933 2943 assentiar
969 2878 1049 2942 haec
1083 2878 1210 2943 docenti
1245 2877 1285 2941 ad
1318 2877 1423 2942 Taciti

356 2986 469 3068 Agric.
495 2990 531 3049 6:
571 2992 658 3070 „atei
681 2989 769 3066 quod
794 2985 903 3049 dicunt
925 2985 1045 3066 Latini,
1075 3006 1146 3048 cum
1180 2985 1318 3050 limitent
1351 3005 1422 3068 pro-

356 3216 467 3270 Kochio
503 3220 652 3284 praeeunte
688 3215 838 3283 (observat.
866 3217 927 3270 1111.
956 3216 983 3268 11
1012 3215 1044 3268 L.
1072 3215 1145 3269 Anu.
1174 3214 1238 3269 Sen.
1269 3214 1422 3284 Nnmburgi

357 3306 400 3360 ed.
421 3307 489 3359 1874
507 3323 535 3374 p.
558 3307 599 3372 18)
622 3306 649 3358 in
669 3309 775 3358 textum
794 3305 899 3373 recepit
918 3304 1061 3358 Gertzins:
1092 3305 1174 3369 „alius
1194 3305 1288 3370 solem,
1317 3305 1361 3358 cui
1378 3305 1421 3358 de-

357 3397 452 3449 bemus
472 3395 547 3463 qnod
565 3395 638 3447 inter
656 3394 779 3448 laborem
793 3394 965 3461 quietemque
978 3397 1087 3461 tempus
1107 3393 1256 3459 divisimus,
1276 3394 1350 3461 quod
1369 3411 1422 3446 non

357 3485 478 3538 tenebris
496 3484 580 3538 mersi
599 3483 786 3537 confusionem
806 3489 933 3537 aeternae
953 3483 1041 3536 noctis
1061 3481 1211 3552 effugimus
1231 3483 1277 3551 qui
1290 3481 1364 3552 (cod.
1383 3481 1419 3535 N:

358 3571 444 3644 quod)
462 3592 564 3627 annum
583 3591 663 3627 cursu
682 3591 730 3626 suo
750 3576 887 3641 temperat
906 3577 934 3626 et
953 3589 1072 3639 corpora
1090 3571 1147 3637 alit,
1167 3576 1227 3625 sata
1239 3575 1344 3637 evocat,
1364 3589 1422 3640 per·

358 3664 452 3731 coquit
470 3663 582 3729 fructus,
602 3681 696 3717 saxum
715 3662 826 3730 aliquod
846 3701 852 3714 .
872 3705 878 3717 .
898 3702 904 3714 .
924 3662 1072 3729 adpellat“.

431 3752 449 3820 ¹)
469 3770 514 3821 ep.
536 3770 573 3807 m.
597 3753 640 3819 95,
663 3753 698 3804 53
720 3751 839 3805 Haasius
865 3755 894 3804 et
916 3751 1014 3819 reliqui
1038 3751 1158 3804 editores
1185 3750 1321 3804 dederunt
1344 3749 1421 3803 haec:

360 3841 420 3905 „ille
439 3859 533 3895 versus
552 3845 580 3894 et
599 3841 627 3893 in
646 3845 760 3909 pectore
780 3844 808 3893 et
826 3839 855 3892 in
873 3857 920 3894 ore
940 3840 990 3892 sit:
1009 3840 1092 3893 bomo
1112 3857 1179 3905 sum,
1198 3839 1309 3892 humani
1328 3838 1423 3892 nihila

357 3949 402 3985 me
421 3931 539 3984 alienum
558 3934 634 3998 puto.
665 3930 812 3984 habeamus
832 3929 905 3997 quod
924 3929 1114 3983 incommune
1133 3929 1191 3982 nati
1210 3931 1326 3984 sumus“.
1362 3945 1423 3996 pro-

357 4020 419 4088 pius
443 4020 479 4073 ad
501 4037 596 4073 verum
622 4019 769 4072 accessisse
792 4019 860 4071 mihi
885 4018 994 4072 videtur
1013 4018 1049 4070 H.
1070 4017 1104 4070 A.
1128 4018 1254 4071 Kochius
1279 4017 1333 4071 hoc
1361 4034 1423 4085 pro-

358 4126 463 4177 ponens
490 4107 518 4161 in
542 4108 713 4162 Fleckeiseni
737 4108 828 4161 annali
859 4109 925 4159 1875
947 4125 975 4175 p.
995 4108 1059 4160 723:
1091 4108 1188 4171 ,<ita>
1207 4107 1368 4161 habeamus:
1397 4105 1424 4158 in

359 4216 502 4253 commune
521 4198 579 4252 nati
598 4201 716 4252 sumus“.
754 4197 788 4251 cf.
808 4215 851 4265 ep.
870 4215 906 4251 m.
925 4199 968 4263 40,
988 4199 1018 4249 2:
1050 4197 1104 4262 ,sic
1128 4197 1221 4265 itaque
1243 4196 1329 4250 habe“
1352 4199 1379 4250 61
1398 4195 1424 4248 d.

357 4287 389 4341 ΙΙ
408 4289 433 4354 6,
453 4289 482 4341 8:
506 4306 586 4357 „ergo
606 4288 646 4341 ita
663 4287 761 4340 habe“.
