3206 5208
796 502 1015 560 -.26-

373 675 622 740 exhauriendum
645 675 887 756 accuratiusque
910 672 1134 738 illustrandum
1156 673 1243 738 haud
1265 672 1376 738 inutile
1397 674 1438 737 vi·

372 779 499 846 debitur
531 780 726 862 distinguere
759 780 924 844 notionem
956 779 1177 862 explieativam
1206 784 1238 844 et
1266 780 1437 844 causalem.

372 893 513 954 ceterum
534 889 667 953 eandem
688 909 783 970 quam
799 887 863 950 iam
880 906 977 967 supra
993 907 1062 949 sum
1077 887 1238 969 ingressus
1255 886 1438 969 disputandi

372 996 454 1060 viam
485 1017 610 1060 servare
639 995 716 1059 mihi
742 995 837 1059 liceat
861 994 959 1058 etiam
982 993 1159 1058 Kuehnero
1185 994 1436 1076 comprobatam.

441 1102 474 1188 1)
499 1101 609 1184 Atque
634 1101 799 1166 exordium
823 1099 974 1164 sumimus
1007 1099 1047 1164 ab
1071 1101 1116 1164 eis
1140 1100 1230 1182 locis,
1260 1101 1293 1164 in
1323 1100 1437 1183 quibus

374 1209 501 1292 „quod“
525 1208 706 1274 coniunctio
732 1207 965 1290 appositionem
988 1206 1149 1289 quandam
1172 1206 1263 1272 addit
1286 1212 1342 1271 aut
1365 1205 1436 1270 sub-

371 1316 509 1380 stantivo
532 1320 588 1379 aut
611 1313 809 1379 substantivo
835 1334 907 1377 cum
929 1312 1118 1396 pronomine
1142 1313 1249 1396 aliquo
1266 1313 1435 1378 coniuncto

371 1428 427 1486 aut
439 1423 620 1504 pronomini
631 1420 893 1486 demonstrativo.
910 1425 1021 1484 nostro
1034 1421 1282 1504 interpretamur
1292 1441 1437 1486 sermone

373 1529 498 1614 ,dass“.
544 1529 766 1611 perspicuitati
794 1533 829 1590 ut
857 1525 993 1591 satisfiat
1020 1526 1156 1590 aliorum
1185 1527 1361 1608 exemplum
1390 1527 1437 1591 ita

371 1637 462 1720 sequi
484 1636 621 1719 expedit,
646 1641 683 1700 ut
707 1635 820 1718 singuli
844 1635 1066 1700 discernantur
1081 1655 1174 1698 casus
1191 1635 1305 1716 quibus
1321 1656 1436 1700 nomen

370 1744 447 1807 illud
476 1745 631 1814 enuntiati
659 1743 842 1826 principalis
866 1747 922 1805 aut
944 1763 1125 1823 pronomen
1149 1739 1294 1821 effertur,
1328 1763 1435 1825 quam-

370 1873 465 1934 quam
498 1851 581 1916 hanc
616 1850 853 1915 distinctionem
885 1854 975 1930 patet
1005 1849 1046 1913 ad
1075 1848 1306 1913 immutandam
1335 1849 1435 1932 ipsam

371 1959 603 2023 coniunctionis
629 1957 756 2041 „quod“
783 1953 1047 2040 significationem
1069 1955 1147 2019 nihil
1170 1955 1284 2020 valere.

436 2065 470 2151 a)
494 2065 669 2132 Videamus
685 2063 783 2146 igitur
800 2063 838 2127 de
856 2062 1072 2126 substantivis.
1102 2067 1177 2144 apte
1191 2062 1268 2125 dicit
1281 2061 1433 2126 Reussius

368 2171 389 2235 l.
407 2193 434 2235 e.
458 2193 489 2253 p.
515 2176 572 2234 23:
604 2170 711 2254 ,quod
736 2170 934 2234 substantivo
960 2169 1151 2251 generaliter
1173 2169 1238 2232 iam
1261 2168 1433 2233 indicatum

369 2284 427 2358 est,
451 2278 485 2342 id
501 2279 665 2343 enuntiato
682 2299 741 2359 per
759 2277 884 2361 „quod“
903 2276 1014 2341 addito
1035 2276 1216 2357 specialiter
1232 2276 1432 2358 exponitur“.

368 2384 506 2467 genetivi
533 2389 589 2449 aut
616 2384 713 2448 dativi
742 2382 958 2448 enuntiatione
987 2382 1107 2447 causali
1136 2404 1175 2446 ex
1206 2383 1333 2466 ,111011ιι
1367 2403 1432 2446 sus-

369 2513 469 2573 pensa
493 2491 653 2573 explanati
677 2489 820 2573 exempla
843 2490 928 2572 apud
952 2487 1107 2554 Senecam
1130 2511 1195 2554 non
1218 2490 1356 2572 repperi.
1401 2490 1433 2553 iu

368 2597 563 2662 nominativo
598 2603 707 2661 autem
746 2618 822 2661 casu
860 2597 1093 2661 substantivum
1131 2595 1218 2678 quod
1257 2595 1433 2678 explicatur

369 2704 559 2768 collocatum
595 2709 643 2769 est
677 2704 740 2767 his:
780 2703 820 2767 de
851 2702 923 2766 ben.
949 2703 1060 2784 1113,
1093 2685 1138 2766 l:¹
1169 2709 1319 2785 „praeter
1351 2703 1432 2767 hanc

369 2832 499 2875 causam
515 2810 596 2875 aliae
613 2831 740 2893 quoque
757 2814 840 2891 sunt,
859 2832 941 2893 quae
957 2808 1047 2874 nobis
1060 2809 1173 2874 merita
1185 2831 1250 2874 non
1262 2831 1432 2893 numquam

368 2917 504 2981 maxima
528 2916 673 2982 evellant.
720 2917 823 2999 prima
853 2917 992 2981 omnium
1016 2937 1054 2980 ac
1078 2916 1311 2998 potentissima,
1346 2916 1432 2999 quod

367 3025 455 3087 novis
480 3045 605 3106 semper
629 3023 856 3106 cupiditatibus
880 3024 1028 3105 occupati
1051 3044 1124 3104 non,
1149 3022 1225 3106 quid
1248 3022 1431 3102 habeamus,

368 3130 425 3195 sed
457 3130 533 3212 quid
560 3135 717 3213 petamus,
746 3129 965 3212 spectorrirts“.
1012 3131 1114 3193 altera
1145 3129 1215 3194 dein
1248 3149 1345 3192 causa
1371 3129 1431 3193 hoc

366 3237 437 3301 loco
469 3237 598 3301 additur
627 3259 685 3318 per
720 3237 883 3320 ,sequitur
914 3239 1020 3300 autem
1049 3238 1104 3298 111α
1136 3257 1163 3299 0.
1189 3258 1219 3318 q.
1244 3257 1269 3299 s.
1317 3257 1365 3318 ep.
1390 3257 1430 3298 m.

370 3348 443 3426 117,
470 3349 527 3409 1οε
555 3366 672 3429 „unum
692 3345 775 3408 enim
797 3344 842 3409 illi
864 3343 985 3421 deerat,
1011 3343 1178 3425 quominus
1199 3342 1319 3408 bonum
1338 3346 1430 3423 esset,

367 3452 453 3535 quod
485 3451 688 3534 incorporale
719 3453 820 3516 erat“.
868 3451 898 3514 d.
922 3450 973 3518 IV
1000 3455 1049 3532 19,
1080 3455 1113 3515 3:
1152 3472 1269 3532 „causa
1297 3471 1355 3514 cur
1380 3449 1430 3513 hio

365 3559 564 3642 potissimum
599 3559 784 3640 adsignetur
815 3559 882 3622 irae
911 3557 1017 3639 locus,
1052 3580 1118 3622 non
1147 3557 1209 3621 alia
1236 3565 1302 3639 est,
1337 3577 1431 3639 quam

367 3665 454 3747 quod
476 3666 508 3729 in
532 3670 602 3730 toto
626 3685 763 3747 corpore
787 3663 1013 3728 calidissimum
1037 3669 1149 3747 pectus
1174 3665 1255 3728 estt.

433 3771 620 3836 Accusativi
652 3771 732 3836 haec
768 3771 925 3836 exsistunt
960 3771 1119 3853 exempla:
1156 3771 1185 3834 d.
1216 3769 1291 3834 XII
1326 3774 1361 3851 2,
1397 3773 1428 3832 3:

369 3901 484 3962 „unum
508 3877 607 3943 habet
623 3877 758 3942 adsidua
772 3876 941 3941 infelicitas
957 3877 1085 3958 bonum,
1110 3877 1194 3960 quod
1212 3897 1292 3959 quos
1309 3897 1430 3956 semper

365 3991 469 4066 vexat,
492 3985 661 4049 novissime
684 3984 845 4049 indurat“.
892 3984 1034 4048 eiusdem
1059 3984 1182 4066 generis
1207 3989 1281 4047 sunt
1303 3982 1343 4048 de
1359 3983 1428 4048 ben.

365 4092 433 4159 VH
460 4096 510 4173 ll,
535 4095 570 4174 23
594 4113 644 4174 ep.
668 4113 709 4154 m.
734 4095 787 4171 47,
814 4095 847 4170 53
874 4095 925 4171 58,
951 4095 1009 4170 233
1035 4093 1087 4172 94,
1114 4095 1142 4154 7.

431 4198 470 4262 In
494 4197 633 4264 ablativo
658 4196 890 4263 substantivum
906 4197 1046 4278 positum
1061 4197 1189 4280 repperi
1209 4219 1239 4262 n.
1253 4219 1306 4279 qu.
1324 4195 1376 4265 IV
1391 4201 1426 4259 8:
