3206 5208
625 540 841 602 ...35-

198 717 379 783 nuntiatam
406 717 544 802 aliquam
578 718 779 800 sententiam,
815 717 860 782 ita
888 721 924 782 ut
953 715 1040 800 quod
1068 717 1212 781 universe
1236 721 1269 781 et

199 824 345 889 absolute
375 825 575 890 enuntiatum
599 831 659 906 est,
688 825 907 907 exceptionem
931 825 1070 906 aliquam
1093 821 1213 887 habere
1236 828 1269 887 et

199 932 399 1015 aliquatenus
428 932 685 1014 restringendum
713 953 783 996 osse
807 931 979 997 adiciant“.
1027 931 1268 1013 grammaticam

198 1037 292 1102 huius
326 1059 403 1102 usus
437 1038 594 1102 rationem
626 1036 723 1120 paulo
757 1037 854 1102 etiam
886 1037 1067 1102 accuratius
1099 1036 1269 1120 explanare

199 1145 308 1210 studet
324 1143 522 1210 Schwarzius
545 1165 616 1208 cum
641 1145 687 1209 sic
708 1144 836 1208 disserit
852 1143 893 1209 ad
909 1143 992 1208 Plio.
1031 1165 1144 1227 paneg.
1163 1148 1215 1223 86,
1234 1147 1267 1206 5:

202 1274 281 1336 „ego
314 1274 389 1317 vero
418 1257 496 1336 puto
523 1252 605 1315 hano
635 1252 736 1334 ipsam
760 1251 957 1316 locutionem
979 1251 1117 1334 primunr
1141 1250 1268 1333 quidem

199 1360 338 1442 speciem
370 1358 528 1442 quandam
559 1359 737 1442 pleonasmi
767 1379 844 1441 prae
874 1379 909 1422 se
939 1357 1033 1440 ferre,
1069 1357 1162 1421 sicuti
1188 1358 1268 1421 istae

199 1466 376 1550 particulae
412 1467 490 1551 „nisi
518 1466 563 1529 si“
598 1466 708 1548 „quod
734 1466 780 1529 si“
811 1471 890 1548 etc,
925 1465 983 1531 sed
1011 1486 1046 1530 re
1073 1466 1145 1548 ipsa
1168 1465 1268 1548 magis

200 1572 326 1656 ellipsin
358 1573 532 1655 involvere,
567 1594 625 1655 per
655 1594 751 1656 quam
779 1580 895 1638 auctor
924 1593 958 1636 se
987 1573 1079 1655 quasi
1108 1572 1266 1654 corrigat:

200 1687 298 1764 atque
321 1680 403 1744 adeo
426 1681 512 1744 illam
536 1680 724 1763 particulam
750 1681 945 1764 exceptivam
973 1680 1072 1763 „nisi“
1090 1701 1150 1763 pro
1168 1679 1266 1762 „sed“

200 1789 265 1852 sive
297 1790 448 1870 „verum“
481 1787 573 1868 poni3
612 1786 802 1869 particulam
833 1791 941 1851 autem
975 1786 1100 1871 „quod“
1134 1806 1204 1850 esse
1235 1791 1268 1850 et

199 1915 328 1959 manere
352 1894 545 1958 causalem“.
591 1913 705 1958 vereor
720 1898 828 1958 tamen
843 1914 884 1957 ne
900 1915 965 1958 non
981 1893 1064 1957 desit
1080 1893 1153 1957 huic
1169 1893 1267 1976 expli-

201 2003 319 2066 cationi
343 2001 430 2084 quod
454 2006 540 2065 staro
563 2022 628 2065 nou
651 2002 765 2084 possit.
812 2022 868 2065 sno
885 2001 968 2065 enim
984 2001 1052 2064 iure
1067 2000 1131 2065 iam
1147 2000 1268 2063 Trach-

200 2130 334 2172 mannus
357 2107 391 2192 (l.
417 2129 443 2173 c.
469 2131 499 2190 p.
527 2109 581 2192 la)
609 2108 735 2191 „quod“
761 2106 951 2190 particulam
974 2107 1093 2171 talibus
1115 2107 1148 2170 in
1172 2128 1268 2170 enun-

200 2217 287 2279 tiatis
325 2235 414 2298 „esse
447 2220 480 2280 et
514 2235 642 2278 manere
677 2213 855 2278 causalem“
888 2213 1006 2278 infitias
1036 2214 1093 2277 ivit
1126 2218 1269 2277 ceterum

201 2321 371 2386 Sclrwarzii
394 2322 695 2385 commentationem
719 2327 858 2385 secutus.
905 2342 965 2402 ego
990 2320 1108 2385 nollem
1124 2320 1164 2384 ad
1181 2320 1268 2402 ellip-

200 2430 249 2492 sin
273 2427 491 2509 confugissent
513 2429 571 2491 viri
595 2427 693 2510 docti,
717 2427 851 2510 figuram
867 2428 963 2491 istam
979 2427 1139 2511 prioribus
1155 2427 1268 2492 mirum

200 2541 355 2618 quantum
393 2534 637 2618 comprobatam
675 2535 896 2618 inmodioeqne
930 2535 972 2598 ad
1007 2537 1134 2616 quosvis
1168 2535 1269 2599 nodos

201 2642 425 2722 grammaticos
445 2641 613 2706 solvendos
630 2641 814 2706 adhibitam.
861 2642 916 2706 diu
932 2645 981 2704 est
997 2642 1079 2706 enim
1096 2646 1268 2723 postquam

200 2749 318 2830 ellipsis
334 2769 411 2813 usus
428 2748 468 2812 ad
485 2749 642 2812 saniorem
660 2749 819 2812 rationem
839 2753 1008 2812 revocatus
1031 2753 1081 2811 est
1105 2749 1267 2829 angustio-

200 2856 351 2938 ribusque
375 2854 490 2919 finibus
513 2855 772 2938 circumscriptus
796 2854 850 2939 (cf.
873 2876 900 2918 e.
922 2877 968 2937 gr.
985 2854 1124 2937 Rumpel
1152 2857 1269 2919 thaus-

200 2967 292 3027 lelu·e
307 2962 402 3026 Halis
418 2985 447 3026 a.
467 2967 551 3026 1845
568 2984 712 3045 prooem.
749 2962 831 3026 Paul
848 2965 1039 3044 Principe'en
1055 2965 1116 3026 der
1129 2965 1269 3043 Spraclr·

196 3074 307 3150 pescle.
332 3069 382 3134 ed.
400 3070 456 3133 alt.
473 3069 567 3133 Halia
591 3090 621 3132 a.
643 3072 725 3133 1886
751 3090 779 3132 o.
796 3067 946 3153 XVHI).
978 3089 1136 3150 nusquam
1160 3075 1267 3133 autem

199 3175 380 3258 ubicunque
403 3176 436 3239 in
460 3173 603 3238 Senecae
627 3175 756 3257 scriptis
781 3175 861 3258 „uisi
882 3175 986 3257 quod“
1010 3173 1101 3238 nobis
1118 3175 1267 3256 occurrit,

200 3282 305 3366 ellipsi
334 3304 415 3365 opus
444 3304 513 3347 esse
542 3281 710 3347 adfirmare
741 3281 844 3346 audeo
875 3281 1025 3364 exemplis
1053 3281 1266 3364 perlustratis.

199 3397 236 3454 ut
259 3391 421 3454 ordiamur
444 3390 484 3454 ab
509 3411 557 3472 ep.
581 3413 624 3453 rn.
642 3392 694 3471 94,
723 3393 776 3452 17:
804 3389 908 3471 „inter
930 3389 1083 3453 insaniam
1108 3387 1267 3470 publicam

199 3501 233 3561 et
263 3497 345 3560 hanc
375 3518 456 3578 quae
484 3496 617 3560 medicis
647 3495 787 3558 traditur
814 3495 890 3558 nihil
914 3496 1062 3576 interest,
1097 3494 1157 3558 uisi
1181 3494 1268 3576 qnod

200 3604 279 3667 haec
303 3600 416 3666 morbo
439 3601 577 3682 laborat,
601 3600 656 3666 illa
679 3600 881 3683 opinionibus
905 3600 1026 3682 falsis“,
1055 3600 1139 3664 idem
1163 3598 1267 3663 valere

198 3710 260 3773 hoo
292 3709 490 3772 enuntiatum
520 3714 657 3791 apparet
687 3729 725 3771 ac
755 3708 782 3771 si
810 3707 948 3788 scriptor
979 3707 1124 3770 dixisset:
1163 3706 1266 3789 „inter

199 3816 354 3880 insaniam
376 3815 537 3899 publicam
562 3820 594 3878 et
616 3816 699 3879 hanc
718 3814 849 3879 ...hoc
866 3819 990 3878 tanturn
1006 3815 1140 3878 interest
1158 3812 1264 3894 quod“

199 3946 227 3988 e.
237 3945 268 4005 q.
278 3945 302 3986 s.
333 3921 384 3986 cui
395 3922 468 3986 loco
481 3922 567 3986 nullo
581 3922 711 4003 negotio
729 3942 785 3984 eos
801 3919 979 3985 consimiles
993 3941 1061 3984 esse
1072 3918 1268 4001 intellegitur

198 4031 229 4094 in
256 4029 370 4112 quibus
404 4029 483 4113 „nisi
506 4028 610 4110 qu0d⁴
640 4028 823 4093 adnectitur
847 4029 1012 4092 enuntiato
1037 4027 1266 4107 interrogativo

199 4137 249 4201 cui
273 4137 318 4200 vis
342 4136 424 4200 inest
447 4136 603 4216 negativa.
636 4157 743 4217 epm.
761 4137 813 4216 94,
833 4138 890 4197 31:
917 4134 1015 4218 „quid
1031 4133 1115 4198 enim
1131 4133 1266 4197 interest

198 4245 282 4308 inter
313 4243 445 4308 decreta
474 4243 693 4325 philosophiae
729 4247 761 4305 et
796 4248 978 4325 praecepta,
1014 4241 1074 4305 nisi
1102 4239 1189 4323 quod
1212 4239 1266 4304 illa

1050 4363 1087 4418 3*
