3206 5208
800 513 1019 572 -56-

379 687 514 752 fularum
544 687 616 753 loco
646 688 752 770 habet,
787 689 914 771 quando
945 689 990 752 ita
1017 688 1135 753 adfecti
1159 709 1276 770 sumus,
1310 695 1346 754 ut
1369 689 1446 754 nihil

379 817 479 877 aeque
509 816 655 877 magnam
689 796 774 879 apud
807 817 865 860 nos
894 796 1136 861 admirationem
1168 802 1314 879 occupet,
1351 819 1445 879 quam

378 902 475 967 homo
499 902 775 967 fortite1·miser“.
804 925 835 966 n.
861 925 913 985 qu.
939 903 991 966 HI
1016 907 1068 985 29,
1097 907 1128 966 1:
1157 903 1239 986 „illie
1263 904 1445 982 solstitium,

378 1010 428 1073 hic
451 1009 565 1074 bruma
588 1009 768 1074 conficitur:
792 1031 926 1092 magnae
948 1011 1112 1093 potentiae
1136 1011 1237 1092 signa,
1261 1010 1390 1093 quando
1414 1011 1446 1074 in

378 1119 448 1200 ipsa
470 1119 646 1182 mutatione
670 1118 744 1182 anni
767 1123 930 1182 momenta
954 1120 1059 1183 sunt“.

448 1224 753 1309 „Quarrdoquideml‘
773 1247 836 1289 non
853 1225 911 1289 nisi
929 1225 1026 1290 semel
1039 1226 1171 1304 legimus
1184 1227 1310 1307 apocol.
1324 1247 1355 1308 p.
1371 1229 1445 1306 233,

380 1337 436 1395 27:
457 1332 604 1416 „quando
622 1333 749 1415 quidem
767 1333 856 1397 divus
873 1331 1026 1397 Claudius
1051 1333 1169 1396 occidit
1192 1354 1337 1396 socerum
1355 1354 1445 1396 suum

378 1438 522 1522 Appium
539 1438 691 1521 Silanum,
716 1461 851 1522 generos
875 1440 955 1503 duos
978 1439 1133 1520 Magnum
1151 1440 1341 1522 Pompeium
1358 1444 1391 1502 et
1406 1438 1444 1501 L.

379 1546 521 1612 Silanum
537 1595 544 1610 .
564 1597 569 1609 .
589 1598 595 1612 .
614 1547 719 1630 placet
735 1547 811 1611 mihi
826 1548 857 1610 in
875 1568 945 1610 eum
963 1569 1071 1612 severe
1087 1547 1315 1611 arrirnadvertr
1335 1569 1362 1610 e.
1377 1569 1406 1628 q.
1420 1569 1444 1610 s.

447 1654 484 1718 In
518 1654 632 1734 medie,
668 1655 721 1735 qui
753 1653 920 1737 „quando“
955 1654 1211 1718 coniunctionem
1243 1654 1445 1735 comitantur,

378 1760 454 1824 nihil
477 1760 553 1824 mihi
577 1761 726 1840 occurrit,
752 1760 839 1843 quod
862 1760 995 1824 recedat
1019 1760 1059 1824 ab
1083 1781 1143 1824 usu
1167 1760 1303 1841 vulgari3
1327 1760 1445 1823 indica-

379 1868 461 1930 tivus
482 1867 612 1948 ponitur
628 1867 704 1931 locis
722 1867 868 1931 omnibus
885 1867 952 1930 sine
970 1867 1032 1930 ulla
1048 1866 1202 1930 librorum
1220 1867 1444 1949 discrepantia.

447 1974 593 2056 Denique
617 1995 681 2038 non
705 1974 815 2038 inutile
840 1975 900 2037 erit
924 1974 1155 2055 aliquantisper
1177 1974 1296 2038 morari
1319 1974 1351 2036 in
1372 1973 1444 2037 loco

380 2081 420 2146 de
443 2080 514 2145 ben.
531 2081 588 2144 ΙΙΙ
612 2086 665 2162 26,
683 2087 713 2163 2,
738 2102 801 2163 quo
817 2080 989 2144 Fickertus
1014 2085 1046 2143 et
1069 2079 1211 2144 Haasius
1235 2081 1443 2162 scripserunt:

383 2187 489 2272 „qnod
505 2187 624 2252 factum
641 2189 733 2252 simul
750 2194 783 2251 et
799 2187 894 2250 Maro
919 2209 958 2250 ex
980 2188 1066 2251 notis
1082 2187 1165 2251 illius
1182 2188 1335 2269 temporis
1351 2187 1443 2250 vesti-

380 2294 545 2377 gatoribus
561 2295 694 2376 notavit,
720 2300 751 2358 et
768 2316 877 2358 servus
897 2295 972 2374 eiua,
999 2294 1126 2376 quando
1149 2293 1358 2358 nectebantur
1373 2294 1444 2356 insi·

380 2404 461 2484 diae,
487 2403 515 2466 ei
539 2402 628 2466 ebrio
652 2401 780 2466 anulum
805 2402 974 2465 extra.xit“.
1007 2399 1155 2464 codexN
1181 2400 1309 2464 exbibet
1328 2401 1442 2484 „quo“.

379 2515 561 2575 removetur
577 2508 725 2573 mendum
742 2509 769 2572 si
782 2507 924 2572 Grutero
941 2514 1074 2571 auctore
1092 2529 1163 2570 cum
1180 2507 1314 2571 Gertzio
1330 2506 1444 2588 legitur

383 2618 509 2702 „qu0i“,
535 2638 629 2698 quam
654 2615 789 2680 formam
814 2637 909 2696 saepe
934 2619 1121 2696 usurpatam
1145 2635 1214 2678 esse
1231 2635 1250 2676 a
1266 2611 1391 2678 Seneca
1407 2635 1444 2677 ex

380 2724 485 2788 multis
508 2723 587 2787 locis
611 2728 756 2805 apparet,
790 2744 871 2804 quos
904 2722 1032 2803 collegit
1064 2719 1213 2785 Gertzius
1246 2720 1444 2802 dialogorum

379 2831 583 2915 praebitionis
607 2853 637 2914 p.
654 2830 757 2894 XXl.
797 2830 878 2894 hanc
901 2830 1093 2911 scripturam
1112 2828 1225 2912 ⁷,quod‘
1253 2827 1445 2909 comprobat

380 2939 475 3003 etiam
500 2937 678 3020 Madvigius
702 2937 773 3001 adv.
798 2937 869 3000 crit.
894 2937 930 2999 ΙΙ
952 2959 982 3019 p.
1006 2938 1082 3016 412,
1112 2935 1165 2999 nbi
1189 2935 1280 2998 dicit:
1316 2935 1444 3017 „certis-

379 3047 477 3110 simae
490 3044 703 3108 emendationi
712 3043 862 3108 Gruteri.
875 3092 881 3105 .
893 3093 898 3105 .
909 3043 1054 3124 imperite
1068 3042 1252 3124 obloquitur
1262 3041 1443 3120 Fickertus,

379 3173 498 3234 negans
522 3173 556 3216 se
580 3152 677 3234 quoi
707 3151 738 3214 in
763 3148 905 3215 Senecae
930 3149 1094 3213 codicibus
1119 3148 1307 3231 repperisse.
1354 3149 1445 3228 Ideo,

380 3258 476 3341 quod,
510 3280 573 3341 quo
597 3264 741 3341 tompore
766 3257 868 3321 nostri
892 3256 1020 3320 codices
1050 3256 1161 3337 scripti
1193 3260 1277 3335 sunt,
1310 3255 1445 3318 desitum

381 3371 450 3430 erat
474 3366 519 3430 sic
543 3365 649 3445 scribi,
673 3370 798 3428 tantum
822 3365 957 3446 vestigia
979 3368 1151 3446 supersunt
1174 3363 1206 3425 in
1225 3362 1349 3426 mendis
1373 3362 1445 3425 inde

380 3474 469 3555 ortis,
487 3495 569 3557 quae
584 3495 648 3537 non
664 3495 767 3556 pauca
782 3473 984 3555 repperisset,
1002 3473 1029 3534 si
1044 3469 1251 3535 intellexisset
1268 3470 1343 3538 Vid,
1354 3471 1415 3534 vol.
1429 3471 1445 3534 1

379 3605 410 3664 p.
429 3587 487 3662 683
512 3581 552 3644 de
576 3587 702 3664 tranqu.
720 3603 770 3645 an.
789 3586 820 3663 8,
838 3579 888 3643 8.“
930 3579 1032 3662 perite
1056 3579 1237 3660 nuperrime
1261 3577 1300 3640 de
1324 3577 1445 3641 formae

382 3689 497 3773 „quoi“
516 3688 601 3771 apud
616 3687 784 3752 Annaeum
802 3709 860 3750 usu
878 3685 1051 3768 disputavit
1068 3686 1163 3748 etiam
1176 3683 1216 3748 Ο.
1230 3684 1445 3749 Rossbachius

380 3795 657 3861 commentationis
670 3816 764 3878 (liram
778 3794 904 3877 scripsit
923 3792 982 3875 „do
1000 3791 1140 3858 Senecae
1152 3791 1334 3874 philosophi
1350 3791 1445 3857 libro·

380 3925 449 3968 rum
466 3902 687 3967 emendatione
705 3912 737 3966 ot
754 3901 956 3965 recensione“
976 3922 1007 3982 p.
1028 3903 1089 3962 119
1108 3921 1134 3962 c.
1152 3899 1213 3980 VI,
1237 3899 1292 3962 ubi
1309 3904 1341 3962 et
1358 3905 1446 3962 certa

380 4010 532 4092 exempla,
557 4009 671 4092 quibus
695 4010 810 4093 „quoi“
837 4009 996 4090 scriptura
1015 4005 1232 4087 confirmatur,
1258 4012 1290 4070 et
1313 4006 1447 4086 vestigia

380 4118 445 4183 eius
468 4116 564 4200 paulo
591 4115 776 4180 obscuriora
798 4115 896 4180 hahes
921 4114 1065 4179 collecta.
