<?xml version="1.0" encoding="UTF-8"?>
<!DOCTYPE html PUBLIC "-//W3C//DTD XHTML 1.0 Transitional//EN"
    "http://www.w3.org/TR/xhtml1/DTD/xhtml1-transitional.dtd">
<html xmlns="http://www.w3.org/1999/xhtml" xml:lang="en" lang="en">
 <head>
  <title>
</title>
<meta http-equiv="Content-Type" content="text/html;charset=utf-8" />
  <meta name='ocr-system' content='tesseract 3.04.00' />
  <meta name='ocr-capabilities' content='ocr_page ocr_carea ocr_par ocr_line ocrx_word'/>
</head>
<body>
  <div class='ocr_page' id='page_1' title='image "./observationesan00rieggoog_0060.png"; bbox 0 0 3206 5208; ppageno 0'>
   <div class='ocr_carea' id='block_1_1' title="bbox 592 566 810 624">
    <p class='ocr_par' dir='ltr' id='par_1_1' title="bbox 592 566 810 624">
     <span class='ocr_line' id='line_1_1' title="bbox 592 566 810 624; baseline -0.005 -15"><span class='ocrx_word' id='word_1_1' title='bbox 592 566 810 624; x_wconf 72' lang='grc'>..55-</span> 
     </span>
    </p>
   </div>
   <div class='ocr_carea' id='block_1_2' title="bbox 165 735 1236 3930">
    <p class='ocr_par' dir='ltr' id='par_1_2' title="bbox 165 735 1236 3930">
     <span class='ocr_line' id='line_1_2' title="bbox 234 735 1234 822; baseline -0.002 -16"><span class='ocrx_word' id='word_1_2' title='bbox 234 741 429 806; x_wconf 89' lang='lat' dir='ltr'>Acenratius</span> <span class='ocrx_word' id='word_1_3' title='bbox 464 739 594 806; x_wconf 86' lang='lat' dir='ltr'>definire</span> <span class='ocrx_word' id='word_1_4' title='bbox 629 740 722 804; x_wconf 89' lang='lat' dir='ltr'>huius</span> <span class='ocrx_word' id='word_1_5' title='bbox 757 739 935 822; x_wconf 80' lang='lat' dir='ltr'>particulae</span> <span class='ocrx_word' id='word_1_6' title='bbox 970 735 1234 820; x_wconf 84' lang='lat' dir='ltr'>significationem</span> 
     </span>
     <span class='ocr_line' id='line_1_3' title="bbox 167 844 1233 930; baseline -0.002 -17"><span class='ocrx_word' id='word_1_7' title='bbox 167 850 243 914; x_wconf 88' lang='lat' dir='ltr'>olim</span> <span class='ocrx_word' id='word_1_8' title='bbox 268 855 403 915; x_wconf 87' lang='lat' dir='ltr'>conatus</span> <span class='ocrx_word' id='word_1_9' title='bbox 427 854 476 912; x_wconf 89' lang='lat' dir='ltr'>est</span> <span class='ocrx_word' id='word_1_10' title='bbox 496 848 535 914; x_wconf 85' lang='lat' dir='ltr'>F.</span> <span class='ocrx_word' id='word_1_11' title='bbox 561 847 603 912; x_wconf 85' lang='lat' dir='ltr'>A.</span> <span class='ocrx_word' id='word_1_12' title='bbox 620 846 769 930; x_wconf 88' lang='lat' dir='ltr'>Wolfius,</span> <span class='ocrx_word' id='word_1_13' title='bbox 794 848 848 930; x_wconf 90' lang='lat' dir='ltr'>qui</span> <span class='ocrx_word' id='word_1_14' title='bbox 872 868 943 911; x_wconf 91' lang='lat' dir='ltr'>eum</span> <span class='ocrx_word' id='word_1_15' title='bbox 967 847 1008 910; x_wconf 89' lang='lat' dir='ltr'>ad</span> <span class='ocrx_word' id='word_1_16' title='bbox 1032 845 1121 914; x_wconf 86' lang='lat' dir='ltr'>Suet.</span> <span class='ocrx_word' id='word_1_17' title='bbox 1139 844 1233 913; x_wconf 82' lang='lat' dir='ltr'>Caes.</span> 
     </span>
     <span class='ocr_line' id='line_1_4' title="bbox 167 951 1232 1040; baseline -0.003 -20"><span class='ocrx_word' id='word_1_18' title='bbox 167 978 192 1022; x_wconf 90' lang='lat' dir='ltr'>c.</span> <span class='ocrx_word' id='word_1_19' title='bbox 220 962 261 1021; x_wconf 78' lang='lat'>28</span> <span class='ocrx_word' id='word_1_20' title='bbox 293 957 353 1020; x_wconf 89' lang='lat' dir='ltr'>vim</span> <span class='ocrx_word' id='word_1_21' title='bbox 385 955 559 1040; x_wconf 83' lang='lat' dir='ltr'>particulae</span> <span class='ocrx_word' id='word_1_22' title='bbox 590 977 661 1020; x_wconf 91' lang='lat' dir='ltr'>cum</span> <span class='ocrx_word' id='word_1_23' title='bbox 693 976 809 1038; x_wconf 83' lang='lat' dir='ltr'>graeco</span> <span class='ocrx_word' id='word_1_24' title='bbox 837 951 976 1040; x_wconf 71' lang='grc' dir='ltr'>,ἐπειδήα</span> <span class='ocrx_word' id='word_1_25' title='bbox 1003 959 1232 1035; x_wconf 78' lang='lat' dir='ltr'>comparasset,</span> 
     </span>
     <span class='ocr_line' id='line_1_5' title="bbox 166 1061 1234 1145; baseline -0.004 -17"><span class='ocrx_word' id='word_1_26' title='bbox 166 1065 208 1129; x_wconf 92' lang='lat' dir='ltr'>ad</span> <span class='ocrx_word' id='word_1_27' title='bbox 231 1064 337 1128; x_wconf 79' lang='lat' dir='ltr'>Taciti</span> <span class='ocrx_word' id='word_1_28' title='bbox 360 1062 482 1130; x_wconf 84' lang='lat' dir='ltr'>Aunl</span> <span class='ocrx_word' id='word_1_29' title='bbox 509 1067 548 1126; x_wconf 87' lang='grc'>57</span> <span class='ocrx_word' id='word_1_30' title='bbox 573 1062 657 1126; x_wconf 92' lang='lat' dir='ltr'>hunc</span> <span class='ocrx_word' id='word_1_31' title='bbox 680 1063 713 1126; x_wconf 93' lang='lat' dir='ltr'>iu</span> <span class='ocrx_word' id='word_1_32' title='bbox 736 1062 866 1126; x_wconf 91' lang='lat' dir='ltr'>modum</span> <span class='ocrx_word' id='word_1_33' title='bbox 890 1061 1055 1126; x_wconf 85' lang='lat' dir='ltr'>disseruit:</span> <span class='ocrx_word' id='word_1_34' title='bbox 1083 1066 1234 1145; x_wconf 82' lang='lat' dir='ltr'>„qnmulo</span> 
     </span>
     <span class='ocr_line' id='line_1_6' title="bbox 166 1167 1234 1251; baseline -0.002 -17"><span class='ocrx_word' id='word_1_35' title='bbox 166 1192 232 1235; x_wconf 90' lang='lat' dir='ltr'>uon</span> <span class='ocrx_word' id='word_1_36' title='bbox 255 1170 388 1235; x_wconf 89' lang='lat' dir='ltr'>multum</span> <span class='ocrx_word' id='word_1_37' title='bbox 414 1169 521 1234; x_wconf 87' lang='lat' dir='ltr'>differt</span> <span class='ocrx_word' id='word_1_38' title='bbox 543 1191 563 1233; x_wconf 89' lang='lat' dir='ltr'>a</span> <span class='ocrx_word' id='word_1_39' title='bbox 586 1169 705 1233; x_wconf 90' lang='lat' dir='ltr'>causali</span> <span class='ocrx_word' id='word_1_40' title='bbox 729 1172 817 1250; x_wconf 78' lang='lat' dir='ltr'>qrrod</span> <span class='ocrx_word' id='word_1_41' title='bbox 838 1189 894 1232; x_wconf 87' lang='lat' dir='ltr'>seu</span> <span class='ocrx_word' id='word_1_42' title='bbox 919 1175 996 1249; x_wconf 79' lang='lat' dir='ltr'>{Jnr&#39;u</span> <span class='ocrx_word' id='word_1_43' title='bbox 1018 1167 1139 1232; x_wconf 87' lang='lat' dir='ltr'>latente</span> <span class='ocrx_word' id='word_1_44' title='bbox 1159 1189 1234 1251; x_wconf 89' lang='lat' dir='ltr'>qua-</span> 
     </span>
     <span class='ocr_line' id='line_1_7' title="bbox 166 1274 1233 1360; baseline 0.001 -19"><span class='ocrx_word' id='word_1_45' title='bbox 166 1278 239 1342; x_wconf 92' lang='lat' dir='ltr'>dam</span> <span class='ocrx_word' id='word_1_46' title='bbox 265 1277 496 1360; x_wconf 82' lang='lat' dir='ltr'>significatione</span> <span class='ocrx_word' id='word_1_47' title='bbox 519 1277 684 1359; x_wconf 79' lang='lat' dir='ltr'>temporie.</span> <span class='ocrx_word' id='word_1_48' title='bbox 731 1276 776 1340; x_wconf 87' lang='lat' dir='ltr'>ita</span> <span class='ocrx_word' id='word_1_49' title='bbox 804 1281 909 1340; x_wconf 87' lang='lat' dir='ltr'>autem</span> <span class='ocrx_word' id='word_1_50' title='bbox 941 1274 1124 1338; x_wconf 86' lang='lat' dir='ltr'>continetur</span> <span class='ocrx_word' id='word_1_51' title='bbox 1147 1282 1233 1342; x_wconf 87' lang='lat' dir='ltr'>utra-</span> 
     </span>
     <span class='ocr_line' id='line_1_8' title="bbox 166 1382 1234 1467; baseline -0.002 -18"><span class='ocrx_word' id='word_1_52' title='bbox 166 1406 229 1467; x_wconf 89' lang='lat' dir='ltr'>que</span> <span class='ocrx_word' id='word_1_53' title='bbox 261 1385 315 1466; x_wconf 91' lang='lat' dir='ltr'>vis,</span> <span class='ocrx_word' id='word_1_54' title='bbox 351 1389 387 1448; x_wconf 90' lang='lat' dir='ltr'>ut</span> <span class='ocrx_word' id='word_1_55' title='bbox 418 1405 438 1448; x_wconf 87' lang='lat' dir='ltr'>a</span> <span class='ocrx_word' id='word_1_56' title='bbox 467 1384 622 1466; x_wconf 90' lang='lat' dir='ltr'>temporis</span> <span class='ocrx_word' id='word_1_57' title='bbox 653 1384 783 1449; x_wconf 89' lang='lat' dir='ltr'>notione</span> <span class='ocrx_word' id='word_1_58' title='bbox 818 1382 859 1447; x_wconf 88' lang='lat' dir='ltr'>ad</span> <span class='ocrx_word' id='word_1_59' title='bbox 891 1403 1007 1447; x_wconf 87' lang='lat' dir='ltr'>causae</span> <span class='ocrx_word' id='word_1_60' title='bbox 1039 1387 1234 1464; x_wconf 88' lang='lat' dir='ltr'>transeatur,</span> 
     </span>
     <span class='ocr_line' id='line_1_9' title="bbox 166 1489 1235 1575; baseline -0.001 -20"><span class='ocrx_word' id='word_1_61' title='bbox 166 1493 323 1575; x_wconf 89' lang='lat' dir='ltr'>siquidem</span> <span class='ocrx_word' id='word_1_62' title='bbox 348 1492 435 1574; x_wconf 92' lang='lat' dir='ltr'>qnod</span> <span class='ocrx_word' id='word_1_63' title='bbox 458 1497 547 1555; x_wconf 84' lang='lat' dir='ltr'>certo</span> <span class='ocrx_word' id='word_1_64' title='bbox 572 1490 679 1573; x_wconf 87' lang='lat' dir='ltr'>aliquo</span> <span class='ocrx_word' id='word_1_65' title='bbox 695 1495 840 1574; x_wconf 88' lang='lat' dir='ltr'>tempore</span> <span class='ocrx_word' id='word_1_66' title='bbox 855 1489 892 1554; x_wconf 83' lang='lat' dir='ltr'>fit</span> <span class='ocrx_word' id='word_1_67' title='bbox 907 1511 967 1572; x_wconf 90' lang='lat' dir='ltr'>pro</span> <span class='ocrx_word' id='word_1_68' title='bbox 985 1511 1081 1554; x_wconf 87' lang='lat' dir='ltr'>causa</span> <span class='ocrx_word' id='word_1_69' title='bbox 1097 1489 1235 1554; x_wconf 87' lang='lat' dir='ltr'>hahetur</span> 
     </span>
     <span class='ocr_line' id='line_1_10' title="bbox 166 1595 1235 1679; baseline -0.003 -17"><span class='ocrx_word' id='word_1_70' title='bbox 166 1598 300 1662; x_wconf 88' lang='lat' dir='ltr'>alicuius</span> <span class='ocrx_word' id='word_1_71' title='bbox 325 1598 370 1662; x_wconf 88' lang='lat' dir='ltr'>rei</span> <span class='ocrx_word' id='word_1_72' title='bbox 392 1597 639 1662; x_wconf 83' lang='lat' dir='ltr'>instituendae“.</span> <span class='ocrx_word' id='word_1_73' title='bbox 674 1619 755 1679; x_wconf 90' lang='lat' dir='ltr'>quae</span> <span class='ocrx_word' id='word_1_74' title='bbox 788 1595 958 1679; x_wconf 87' lang='lat' dir='ltr'>explicatio</span> <span class='ocrx_word' id='word_1_75' title='bbox 988 1617 1178 1679; x_wconf 88' lang='lat' dir='ltr'>quamquam</span> <span class='ocrx_word' id='word_1_76' title='bbox 1203 1599 1235 1660; x_wconf 90' lang='lat' dir='ltr'>in</span> 
     </span>
     <span class='ocr_line' id='line_1_11' title="bbox 166 1703 1235 1787; baseline -0.001 -19"><span class='ocrx_word' id='word_1_77' title='bbox 166 1706 348 1768; x_wconf 88' lang='lat' dir='ltr'>uuiversum</span> <span class='ocrx_word' id='word_1_78' title='bbox 378 1704 504 1768; x_wconf 87' lang='lat' dir='ltr'>videtur</span> <span class='ocrx_word' id='word_1_79' title='bbox 527 1703 703 1787; x_wconf 85' lang='lat' dir='ltr'>probanda,</span> <span class='ocrx_word' id='word_1_80' title='bbox 732 1710 840 1767; x_wconf 87' lang='lat' dir='ltr'>tamen</span> <span class='ocrx_word' id='word_1_81' title='bbox 867 1724 932 1767; x_wconf 92' lang='lat' dir='ltr'>nou</span> <span class='ocrx_word' id='word_1_82' title='bbox 963 1704 1047 1766; x_wconf 92' lang='lat' dir='ltr'>omni</span> <span class='ocrx_word' id='word_1_83' title='bbox 1075 1725 1114 1767; x_wconf 95' lang='lat' dir='ltr'>ex</span> <span class='ocrx_word' id='word_1_84' title='bbox 1143 1710 1235 1786; x_wconf 88' lang='lat' dir='ltr'>parte</span> 
     </span>
     <span class='ocr_line' id='line_1_12' title="bbox 166 1809 1235 1894; baseline 0 -19"><span class='ocrx_word' id='word_1_85' title='bbox 166 1811 318 1894; x_wconf 91' lang='lat' dir='ltr'>exemplis</span> <span class='ocrx_word' id='word_1_86' title='bbox 342 1809 528 1875; x_wconf 86' lang='lat' dir='ltr'>Annaeanis</span> <span class='ocrx_word' id='word_1_87' title='bbox 553 1811 770 1877; x_wconf 86' lang='lat' dir='ltr'>confirmatur.</span> <span class='ocrx_word' id='word_1_88' title='bbox 803 1831 929 1893; x_wconf 83' lang='lat' dir='ltr'>semper</span> <span class='ocrx_word' id='word_1_89' title='bbox 952 1811 1034 1874; x_wconf 86' lang='lat' dir='ltr'>enim</span> <span class='ocrx_word' id='word_1_90' title='bbox 1058 1811 1235 1893; x_wconf 87' lang='lat' dir='ltr'>particulae</span> 
     </span>
     <span class='ocr_line' id='line_1_13' title="bbox 165 1916 1233 2000; baseline -0.002 -19"><span class='ocrx_word' id='word_1_91' title='bbox 165 1920 211 1982; x_wconf 84' lang='lat' dir='ltr'>vis</span> <span class='ocrx_word' id='word_1_92' title='bbox 247 1939 286 1982; x_wconf 91' lang='lat' dir='ltr'>ea</span> <span class='ocrx_word' id='word_1_93' title='bbox 320 1922 380 2000; x_wconf 92' lang='lat' dir='ltr'>est,</span> <span class='ocrx_word' id='word_1_94' title='bbox 415 1922 452 1982; x_wconf 90' lang='lat' dir='ltr'>ut</span> <span class='ocrx_word' id='word_1_95' title='bbox 487 1939 548 1982; x_wconf 89' lang='lat' dir='ltr'>non</span> <span class='ocrx_word' id='word_1_96' title='bbox 584 1924 650 1981; x_wconf 86' lang='lat' dir='ltr'>tam</span> <span class='ocrx_word' id='word_1_97' title='bbox 686 1917 823 1981; x_wconf 88' lang='lat' dir='ltr'>accedat</span> <span class='ocrx_word' id='word_1_98' title='bbox 850 1916 891 1980; x_wconf 92' lang='lat' dir='ltr'>ad</span> <span class='ocrx_word' id='word_1_99' title='bbox 920 1916 1078 1980; x_wconf 83' lang='lat' dir='ltr'>causalem</span> <span class='ocrx_word' id='word_1_100' title='bbox 1105 1917 1233 2000; x_wconf 77' lang='lat' dir='ltr'>„quod“</span> 
     </span>
     <span class='ocr_line' id='line_1_14' title="bbox 165 2024 1232 2109; baseline -0.001 -21"><span class='ocrx_word' id='word_1_101' title='bbox 165 2047 222 2088; x_wconf 89' lang='lat' dir='ltr'>seu</span> <span class='ocrx_word' id='word_1_102' title='bbox 254 2025 381 2109; x_wconf 83' lang='lat' dir='ltr'>„quia“,</span> <span class='ocrx_word' id='word_1_103' title='bbox 416 2046 512 2108; x_wconf 86' lang='lat' dir='ltr'>quam</span> <span class='ocrx_word' id='word_1_104' title='bbox 547 2047 566 2088; x_wconf 89' lang='lat' dir='ltr'>a</span> <span class='ocrx_word' id='word_1_105' title='bbox 601 2024 737 2088; x_wconf 84' lang='lat' dir='ltr'>causalis</span> <span class='ocrx_word' id='word_1_106' title='bbox 772 2024 1004 2088; x_wconf 89' lang='lat' dir='ltr'>coniunctionis</span> <span class='ocrx_word' id='word_1_107' title='bbox 1043 2025 1232 2108; x_wconf 79' lang='lat' dir='ltr'>,quoniam“</span> 
     </span>
     <span class='ocr_line' id='line_1_15' title="bbox 165 2129 1235 2214; baseline 0.002 -20"><span class='ocrx_word' id='word_1_108' title='bbox 165 2131 397 2214; x_wconf 79' lang='lat' dir='ltr'>significatione</span> <span class='ocrx_word' id='word_1_109' title='bbox 432 2153 533 2214; x_wconf 91' lang='lat' dir='ltr'>prope</span> <span class='ocrx_word' id='word_1_110' title='bbox 569 2130 663 2194; x_wconf 89' lang='lat' dir='ltr'>absit.</span> <span class='ocrx_word' id='word_1_111' title='bbox 699 2153 739 2194; x_wconf 91' lang='lat' dir='ltr'>ne</span> <span class='ocrx_word' id='word_1_112' title='bbox 773 2131 887 2212; x_wconf 86' lang='lat' dir='ltr'>longus</span> <span class='ocrx_word' id='word_1_113' title='bbox 922 2131 990 2211; x_wconf 88' lang='lat' dir='ltr'>sim,</span> <span class='ocrx_word' id='word_1_114' title='bbox 1026 2131 1058 2194; x_wconf 91' lang='lat' dir='ltr'>in</span> <span class='ocrx_word' id='word_1_115' title='bbox 1094 2129 1235 2196; x_wconf 84' lang='lat' dir='ltr'>Senecae</span> 
     </span>
     <span class='ocr_line' id='line_1_16' title="bbox 165 2237 1235 2321; baseline 0 -19"><span class='ocrx_word' id='word_1_116' title='bbox 165 2238 347 2321; x_wconf 88' lang='lat' dir='ltr'>philosophi</span> <span class='ocrx_word' id='word_1_117' title='bbox 382 2238 539 2303; x_wconf 86' lang='lat' dir='ltr'>scribendi</span> <span class='ocrx_word' id='word_1_118' title='bbox 575 2239 700 2304; x_wconf 87' lang='lat' dir='ltr'>ratione</span> <span class='ocrx_word' id='word_1_119' title='bbox 736 2237 939 2302; x_wconf 86' lang='lat' dir='ltr'>diiudicanda</span> <span class='ocrx_word' id='word_1_120' title='bbox 970 2237 1107 2320; x_wconf 87' lang='lat' dir='ltr'>quodam</span> <span class='ocrx_word' id='word_1_121' title='bbox 1139 2240 1235 2302; x_wconf 91' lang='lat' dir='ltr'>modo</span> 
     </span>
     <span class='ocr_line' id='line_1_17' title="bbox 167 2343 1234 2428; baseline -0.001 -19"><span class='ocrx_word' id='word_1_122' title='bbox 167 2347 315 2410; x_wconf 89' lang='lat' dir='ltr'>assentiri</span> <span class='ocrx_word' id='word_1_123' title='bbox 338 2366 508 2428; x_wconf 87' lang='lat' dir='ltr'>possumus</span> <span class='ocrx_word' id='word_1_124' title='bbox 532 2344 734 2427; x_wconf 87' lang='lat' dir='ltr'>Ruhnkenin,</span> <span class='ocrx_word' id='word_1_125' title='bbox 760 2345 813 2427; x_wconf 88' lang='lat' dir='ltr'>qui</span> <span class='ocrx_word' id='word_1_126' title='bbox 837 2345 879 2408; x_wconf 89' lang='lat' dir='ltr'>ad</span> <span class='ocrx_word' id='word_1_127' title='bbox 902 2344 967 2408; x_wconf 79' lang='lat' dir='ltr'>Ter</span> <span class='ocrx_word' id='word_1_128' title='bbox 1001 2343 1106 2409; x_wconf 85' lang='lat' dir='ltr'>Andr.</span> <span class='ocrx_word' id='word_1_129' title='bbox 1130 2346 1180 2413; x_wconf 91' lang='lat' dir='ltr'>lV</span> <span class='ocrx_word' id='word_1_130' title='bbox 1205 2349 1234 2428; x_wconf 85' lang='lat'>5,</span> 
     </span>
     <span class='ocr_line' id='line_1_18' title="bbox 167 2451 1234 2536; baseline -0.001 -20"><span class='ocrx_word' id='word_1_131' title='bbox 167 2458 208 2516; x_wconf 78' lang='lat'>23</span> <span class='ocrx_word' id='word_1_132' title='bbox 239 2451 407 2535; x_wconf 77' lang='lat' dir='ltr'>,quaudo“</span> <span class='ocrx_word' id='word_1_133' title='bbox 442 2453 550 2534; x_wconf 90' lang='lat' dir='ltr'>plaue&#39;</span> <span class='ocrx_word' id='word_1_134' title='bbox 568 2452 653 2516; x_wconf 88' lang='lat' dir='ltr'>idem</span> <span class='ocrx_word' id='word_1_135' title='bbox 687 2473 756 2517; x_wconf 86' lang='lat' dir='ltr'>esse</span> <span class='ocrx_word' id='word_1_136' title='bbox 786 2452 863 2515; x_wconf 89' lang='lat' dir='ltr'>dicit</span> <span class='ocrx_word' id='word_1_137' title='bbox 897 2457 994 2534; x_wconf 88' lang='lat' dir='ltr'>atque</span> <span class='ocrx_word' id='word_1_138' title='bbox 1031 2453 1234 2536; x_wconf 76' lang='lat' dir='ltr'>,quoninm“.</span> 
     </span>
     <span class='ocr_line' id='line_1_19' title="bbox 166 2559 1235 2644; baseline 0.001 -21"><span class='ocrx_word' id='word_1_139' title='bbox 166 2565 202 2623; x_wconf 94' lang='lat' dir='ltr'>ut</span> <span class='ocrx_word' id='word_1_140' title='bbox 226 2560 371 2643; x_wconf 88' lang='lat' dir='ltr'>exempla</span> <span class='ocrx_word' id='word_1_141' title='bbox 394 2559 541 2623; x_wconf 86' lang='lat' dir='ltr'>afferam:</span> <span class='ocrx_word' id='word_1_142' title='bbox 574 2559 604 2625; x_wconf 94' lang='lat' dir='ltr'>d.</span> <span class='ocrx_word' id='word_1_143' title='bbox 628 2560 665 2622; x_wconf 93' lang='lat' dir='ltr'>X</span> <span class='ocrx_word' id='word_1_144' title='bbox 692 2564 719 2640; x_wconf 86' lang='lat'>7,</span> <span class='ocrx_word' id='word_1_145' title='bbox 746 2564 783 2622; x_wconf 91' lang='lat'>3:</span> <span class='ocrx_word' id='word_1_146' title='bbox 820 2559 977 2644; x_wconf 83' lang='lat' dir='ltr'>,deniqne</span> <span class='ocrx_word' id='word_1_147' title='bbox 1012 2560 1095 2624; x_wconf 88' lang='lat' dir='ltr'>inter</span> <span class='ocrx_word' id='word_1_148' title='bbox 1125 2582 1235 2624; x_wconf 88' lang='lat' dir='ltr'>omnes</span> 
     </span>
     <span class='ocr_line' id='line_1_20' title="bbox 166 2666 1235 2748; baseline 0 -18"><span class='ocrx_word' id='word_1_149' title='bbox 166 2668 314 2731; x_wconf 91' lang='lat' dir='ltr'>convenit</span> <span class='ocrx_word' id='word_1_150' title='bbox 350 2667 467 2731; x_wconf 92' lang='lat' dir='ltr'>nullam</span> <span class='ocrx_word' id='word_1_151' title='bbox 499 2689 566 2730; x_wconf 91' lang='lat' dir='ltr'>rem</span> <span class='ocrx_word' id='word_1_152' title='bbox 597 2666 678 2731; x_wconf 91' lang='lat' dir='ltr'>bene</span> <span class='ocrx_word' id='word_1_153' title='bbox 717 2668 857 2730; x_wconf 86' lang='lat' dir='ltr'>exerceri</span> <span class='ocrx_word' id='word_1_154' title='bbox 894 2688 988 2748; x_wconf 87' lang='lat' dir='ltr'>posse</span> <span class='ocrx_word' id='word_1_155' title='bbox 1027 2667 1068 2731; x_wconf 88' lang='lat' dir='ltr'>ab</span> <span class='ocrx_word' id='word_1_156' title='bbox 1107 2667 1235 2732; x_wconf 90' lang='lat' dir='ltr'>homine</span> 
     </span>
     <span class='ocr_line' id='line_1_21' title="bbox 167 2772 1234 2857; baseline 0 -19"><span class='ocrx_word' id='word_1_157' title='bbox 167 2780 340 2856; x_wconf 87' lang='lat' dir='ltr'>occupate,</span> <span class='ocrx_word' id='word_1_158' title='bbox 380 2797 444 2838; x_wconf 89' lang='lat' dir='ltr'>nou</span> <span class='ocrx_word' id='word_1_159' title='bbox 484 2773 711 2857; x_wconf 87' lang='lat' dir='ltr'>eloquentiam,</span> <span class='ocrx_word' id='word_1_160' title='bbox 750 2796 816 2838; x_wconf 91' lang='lat' dir='ltr'>uon</span> <span class='ocrx_word' id='word_1_161' title='bbox 854 2772 1000 2837; x_wconf 87' lang='lat' dir='ltr'>liberales</span> <span class='ocrx_word' id='word_1_162' title='bbox 1040 2773 1234 2857; x_wconf 75' lang='lat' dir='ltr'>disciplinam,</span> 
     </span>
     <span class='ocr_line' id='line_1_22' title="bbox 166 2880 1236 2964; baseline 0.002 -20"><span class='ocrx_word' id='word_1_163' title='bbox 166 2882 296 2964; x_wconf 87' lang='lat' dir='ltr'>quando</span> <span class='ocrx_word' id='word_1_164' title='bbox 320 2881 484 2945; x_wconf 88' lang='lat' dir='ltr'>districtus</span> <span class='ocrx_word' id='word_1_165' title='bbox 508 2881 631 2945; x_wconf 87' lang='lat' dir='ltr'>animus</span> <span class='ocrx_word' id='word_1_166' title='bbox 654 2880 732 2943; x_wconf 89' lang='lat' dir='ltr'>nihil</span> <span class='ocrx_word' id='word_1_167' title='bbox 760 2880 856 2944; x_wconf 86' lang='lat' dir='ltr'>altius</span> <span class='ocrx_word' id='word_1_168' title='bbox 884 2881 1012 2962; x_wconf 83' lang='lat' dir='ltr'>recipit,</span> <span class='ocrx_word' id='word_1_169' title='bbox 1044 2881 1099 2944; x_wconf 87' lang='lat' dir='ltr'>sed</span> <span class='ocrx_word' id='word_1_170' title='bbox 1129 2883 1236 2946; x_wconf 87' lang='lat' dir='ltr'>omnia</span> 
     </span>
     <span class='ocr_line' id='line_1_23' title="bbox 165 2987 1235 3072; baseline 0 -21"><span class='ocrx_word' id='word_1_171' title='bbox 165 2988 252 3052; x_wconf 83' lang='lat' dir='ltr'>velut</span> <span class='ocrx_word' id='word_1_172' title='bbox 281 2988 443 3052; x_wconf 88' lang='lat' dir='ltr'>inculcata</span> <span class='ocrx_word' id='word_1_173' title='bbox 470 2988 625 3069; x_wconf 78' lang='lat' dir='ltr'>respuit·“.</span> <span class='ocrx_word' id='word_1_174' title='bbox 660 3009 710 3069; x_wconf 91' lang='lat' dir='ltr'>ep.</span> <span class='ocrx_word' id='word_1_175' title='bbox 735 3010 775 3050; x_wconf 96' lang='lat' dir='ltr'>m.</span> <span class='ocrx_word' id='word_1_176' title='bbox 802 2992 855 3068; x_wconf 89' lang='grc'>66,</span> <span class='ocrx_word' id='word_1_177' title='bbox 880 2993 914 3050; x_wconf 84' lang='lat'>8:</span> <span class='ocrx_word' id='word_1_178' title='bbox 948 2987 1075 3072; x_wconf 78' lang='lat' dir='ltr'>,itaque</span> <span class='ocrx_word' id='word_1_179' title='bbox 1100 2988 1144 3050; x_wconf 94' lang='lat' dir='ltr'>vis</span> <span class='ocrx_word' id='word_1_180' title='bbox 1169 2989 1235 3051; x_wconf 88' lang='lat' dir='ltr'>eius</span> 
     </span>
     <span class='ocr_line' id='line_1_24' title="bbox 167 3095 1234 3181; baseline 0.002 -23"><span class='ocrx_word' id='word_1_181' title='bbox 167 3100 225 3178; x_wconf 86' lang='lat' dir='ltr'>(se.</span> <span class='ocrx_word' id='word_1_182' title='bbox 256 3095 397 3181; x_wconf 81' lang='lat' dir='ltr'>virtutis)</span> <span class='ocrx_word' id='word_1_183' title='bbox 440 3101 472 3159; x_wconf 89' lang='lat' dir='ltr'>et</span> <span class='ocrx_word' id='word_1_184' title='bbox 513 3096 701 3177; x_wconf 87' lang='lat' dir='ltr'>magnitudo</span> <span class='ocrx_word' id='word_1_185' title='bbox 737 3095 822 3158; x_wconf 92' lang='lat' dir='ltr'>ultra</span> <span class='ocrx_word' id='word_1_186' title='bbox 855 3117 920 3159; x_wconf 90' lang='lat' dir='ltr'>uon</span> <span class='ocrx_word' id='word_1_187' title='bbox 949 3100 1060 3176; x_wconf 88' lang='lat' dir='ltr'>potest</span> <span class='ocrx_word' id='word_1_188' title='bbox 1094 3117 1234 3178; x_wconf 85' lang='lat' dir='ltr'>surgere,</span> 
     </span>
     <span class='ocr_line' id='line_1_25' title="bbox 167 3203 1233 3285; baseline -0.001 -19"><span class='ocrx_word' id='word_1_189' title='bbox 167 3203 296 3285; x_wconf 90' lang='lat' dir='ltr'>quando</span> <span class='ocrx_word' id='word_1_190' title='bbox 320 3204 550 3267; x_wconf 89' lang='lat' dir='ltr'>incrementum</span> <span class='ocrx_word' id='word_1_191' title='bbox 574 3203 712 3266; x_wconf 90' lang='lat' dir='ltr'>maximo</span> <span class='ocrx_word' id='word_1_192' title='bbox 737 3225 801 3266; x_wconf 91' lang='lat' dir='ltr'>nnn</span> <span class='ocrx_word' id='word_1_193' title='bbox 826 3205 907 3266; x_wconf 83' lang='lat' dir='ltr'>est“.</span> <span class='ocrx_word' id='word_1_194' title='bbox 936 3203 1021 3266; x_wconf 93' lang='lat' dir='ltr'>idem</span> <span class='ocrx_word' id='word_1_195' title='bbox 1044 3203 1130 3267; x_wconf 90' lang='lat' dir='ltr'>cadit</span> <span class='ocrx_word' id='word_1_196' title='bbox 1154 3204 1185 3266; x_wconf 93' lang='lat' dir='ltr'>in</span> <span class='ocrx_word' id='word_1_197' title='bbox 1202 3204 1233 3266; x_wconf 90' lang='lat' dir='ltr'>d.</span> 
     </span>
     <span class='ocr_line' id='line_1_26' title="bbox 166 3309 1234 3392; baseline 0.001 -19"><span class='ocrx_word' id='word_1_198' title='bbox 166 3310 221 3373; x_wconf 91' lang='lat' dir='ltr'>IX</span> <span class='ocrx_word' id='word_1_199' title='bbox 249 3313 298 3390; x_wconf 89' lang='grc'>15,</span> <span class='ocrx_word' id='word_1_200' title='bbox 325 3315 358 3373; x_wconf 90' lang='lat'>3:</span> <span class='ocrx_word' id='word_1_201' title='bbox 393 3315 446 3392; x_wconf 77' lang='lat' dir='ltr'>„et</span> <span class='ocrx_word' id='word_1_202' title='bbox 474 3311 621 3374; x_wconf 88' lang='lat' dir='ltr'>universa</span> <span class='ocrx_word' id='word_1_203' title='bbox 644 3309 880 3392; x_wconf 86' lang='lat' dir='ltr'>contemplatus</span> <span class='ocrx_word' id='word_1_204' title='bbox 902 3311 1031 3374; x_wconf 88' lang='lat' dir='ltr'>maioris</span> <span class='ocrx_word' id='word_1_205' title='bbox 1056 3310 1151 3374; x_wconf 90' lang='lat' dir='ltr'>animi</span> <span class='ocrx_word' id='word_1_206' title='bbox 1175 3320 1234 3390; x_wconf 90' lang='lat' dir='ltr'>est,</span> 
     </span>
     <span class='ocr_line' id='line_1_27' title="bbox 167 3417 1235 3500; baseline 0.001 -21"><span class='ocrx_word' id='word_1_207' title='bbox 167 3418 221 3499; x_wconf 89' lang='lat' dir='ltr'>qui</span> <span class='ocrx_word' id='word_1_208' title='bbox 245 3418 342 3479; x_wconf 90' lang='lat' dir='ltr'>risum</span> <span class='ocrx_word' id='word_1_209' title='bbox 368 3421 554 3498; x_wconf 82' lang='lat' dir='ltr'>contenet,</span> <span class='ocrx_word' id='word_1_210' title='bbox 579 3439 673 3499; x_wconf 89' lang='lat' dir='ltr'>quam</span> <span class='ocrx_word' id='word_1_211' title='bbox 698 3417 934 3500; x_wconf 83' lang='lat' dir='ltr'>qui-lacrimas,</span> <span class='ocrx_word' id='word_1_212' title='bbox 962 3417 1090 3499; x_wconf 89' lang='lat' dir='ltr'>qnando</span> <span class='ocrx_word' id='word_1_213' title='bbox 1114 3417 1235 3482; x_wconf 90' lang='lat' dir='ltr'>leuissi-</span> 
     </span>
     <span class='ocr_line' id='line_1_28' title="bbox 167 3523 1234 3608; baseline 0 -20"><span class='ocrx_word' id='word_1_214' title='bbox 167 3547 253 3588; x_wconf 90' lang='lat' dir='ltr'>mum</span> <span class='ocrx_word' id='word_1_215' title='bbox 270 3523 430 3588; x_wconf 85' lang='lat' dir='ltr'>adfectum</span> <span class='ocrx_word' id='word_1_216' title='bbox 447 3525 543 3588; x_wconf 86' lang='lat' dir='ltr'>animi</span> <span class='ocrx_word' id='word_1_217' title='bbox 559 3530 666 3588; x_wconf 87' lang='lat' dir='ltr'>movet</span> <span class='ocrx_word' id='word_1_218' title='bbox 682 3529 714 3587; x_wconf 93' lang='lat' dir='ltr'>et</span> <span class='ocrx_word' id='word_1_219' title='bbox 730 3524 807 3587; x_wconf 90' lang='lat' dir='ltr'>nihil</span> <span class='ocrx_word' id='word_1_220' title='bbox 823 3547 980 3608; x_wconf 81' lang='lat' dir='ltr'>maguum,</span> <span class='ocrx_word' id='word_1_221' title='bbox 1005 3524 1082 3588; x_wconf 90' lang='lat' dir='ltr'>nihil</span> <span class='ocrx_word' id='word_1_222' title='bbox 1104 3532 1234 3605; x_wconf 79' lang='lat' dir='ltr'>serium,</span> 
     </span>
     <span class='ocr_line' id='line_1_29' title="bbox 167 3632 1233 3716; baseline -0.003 -19"><span class='ocrx_word' id='word_1_223' title='bbox 167 3655 206 3697; x_wconf 92' lang='lat' dir='ltr'>ne</span> <span class='ocrx_word' id='word_1_224' title='bbox 230 3633 380 3697; x_wconf 88' lang='lat' dir='ltr'>miserum</span> <span class='ocrx_word' id='word_1_225' title='bbox 405 3632 533 3715; x_wconf 90' lang='lat' dir='ltr'>quidem</span> <span class='ocrx_word' id='word_1_226' title='bbox 558 3637 711 3696; x_wconf 88' lang='lat' dir='ltr'>extante</span> <span class='ocrx_word' id='word_1_227' title='bbox 736 3639 852 3714; x_wconf 85' lang='lat' dir='ltr'>paratu</span> <span class='ocrx_word' id='word_1_228' title='bbox 875 3634 1001 3716; x_wconf 77' lang='lat' dir='ltr'>putat“.</span> <span class='ocrx_word' id='word_1_229' title='bbox 1032 3633 1105 3696; x_wconf 89' lang='lat' dir='ltr'>XII</span> <span class='ocrx_word' id='word_1_230' title='bbox 1132 3637 1182 3714; x_wconf 90' lang='grc'>13,</span> <span class='ocrx_word' id='word_1_231' title='bbox 1200 3637 1233 3695; x_wconf 86' lang='grc'>6;</span> 
     </span>
     <span class='ocr_line' id='line_1_30' title="bbox 171 3740 1236 3824; baseline 0 -21"><span class='ocrx_word' id='word_1_232' title='bbox 171 3741 244 3824; x_wconf 85' lang='lat' dir='ltr'>,qui</span> <span class='ocrx_word' id='word_1_233' title='bbox 275 3762 352 3804; x_wconf 88' lang='lat' dir='ltr'>vero</span> <span class='ocrx_word' id='word_1_234' title='bbox 385 3740 537 3804; x_wconf 88' lang='lat' dir='ltr'>adversus</span> <span class='ocrx_word' id='word_1_235' title='bbox 569 3740 768 3804; x_wconf 89' lang='lat' dir='ltr'>saevissimos</span> <span class='ocrx_word' id='word_1_236' title='bbox 799 3761 891 3804; x_wconf 87' lang='lat' dir='ltr'>casus</span> <span class='ocrx_word' id='word_1_237' title='bbox 922 3761 955 3803; x_wconf 89' lang='lat' dir='ltr'>se</span> <span class='ocrx_word' id='word_1_238' title='bbox 984 3740 1105 3804; x_wconf 85' lang='lat' dir='ltr'>extollit</span> <span class='ocrx_word' id='word_1_239' title='bbox 1136 3745 1168 3804; x_wconf 92' lang='lat' dir='ltr'>et</span> <span class='ocrx_word' id='word_1_240' title='bbox 1198 3761 1236 3804; x_wconf 86' lang='lat' dir='ltr'>ea</span> 
     </span>
     <span class='ocr_line' id='line_1_31' title="bbox 167 3847 1235 3930; baseline 0 -20"><span class='ocrx_word' id='word_1_241' title='bbox 167 3848 261 3928; x_wconf 88' lang='lat' dir='ltr'>mala,</span> <span class='ocrx_word' id='word_1_242' title='bbox 287 3847 401 3929; x_wconf 88' lang='lat' dir='ltr'>quihus</span> <span class='ocrx_word' id='word_1_243' title='bbox 425 3847 478 3911; x_wconf 91' lang='lat' dir='ltr'>alii</span> <span class='ocrx_word' id='word_1_244' title='bbox 502 3847 734 3928; x_wconf 89' lang='lat' dir='ltr'>opprimuntur,</span> <span class='ocrx_word' id='word_1_245' title='bbox 764 3847 887 3927; x_wconf 78' lang='lat' dir='ltr'>evert‘t,</span> <span class='ocrx_word' id='word_1_246' title='bbox 916 3847 1002 3930; x_wconf 90' lang='lat' dir='ltr'>ipsas</span> <span class='ocrx_word' id='word_1_247' title='bbox 1026 3847 1167 3912; x_wconf 87' lang='lat' dir='ltr'>miserias</span> <span class='ocrx_word' id='word_1_248' title='bbox 1191 3847 1235 3910; x_wconf 91' lang='lat' dir='ltr'>in-</span> 
     </span>
    </p>
   </div>
   <div class='ocr_carea' id='block_1_3' title="bbox 168 4025 1236 4362">
    <p class='ocr_par' dir='ltr' id='par_1_3' title="bbox 168 4025 1236 4362">
     <span class='ocr_line' id='line_1_32' title="bbox 169 4025 1235 4095; baseline -0.003 -16"><span class='ocrx_word' id='word_1_249' title='bbox 169 4026 212 4079; x_wconf 90' lang='lat' dir='ltr'>eui</span> <span class='ocrx_word' id='word_1_250' title='bbox 236 4025 377 4092; x_wconf 87' lang='lat' dir='ltr'>inscripsit</span> <span class='ocrx_word' id='word_1_251' title='bbox 399 4025 447 4090; x_wconf 81' lang='lat' dir='ltr'>„de</span> <span class='ocrx_word' id='word_1_252' title='bbox 469 4025 605 4092; x_wconf 84' lang='lat' dir='ltr'>particula</span> <span class='ocrx_word' id='word_1_253' title='bbox 631 4025 742 4095; x_wconf 79' lang='lat' dir='ltr'>quando</span> <span class='ocrx_word' id='word_1_254' title='bbox 769 4025 843 4093; x_wconf 87' lang='lat' dir='ltr'>apud</span> <span class='ocrx_word' id='word_1_255' title='bbox 866 4025 1066 4078; x_wconf 84' lang='lat' dir='ltr'>vetustissimos</span> <span class='ocrx_word' id='word_1_256' title='bbox 1085 4025 1235 4092; x_wconf 88' lang='lat' dir='ltr'>scriptores</span> 
     </span>
     <span class='ocr_line' id='line_1_33' title="bbox 168 4114 1234 4182; baseline -0.001 -15"><span class='ocrx_word' id='word_1_257' title='bbox 168 4115 267 4168; x_wconf 86' lang='lat' dir='ltr'>latinos</span> <span class='ocrx_word' id='word_1_258' title='bbox 295 4115 322 4167; x_wconf 89' lang='lat' dir='ltr'>vi</span> <span class='ocrx_word' id='word_1_259' title='bbox 350 4119 379 4167; x_wconf 87' lang='lat' dir='ltr'>et</span> <span class='ocrx_word' id='word_1_260' title='bbox 407 4117 471 4166; x_wconf 86' lang='lat' dir='ltr'>usu“</span> <span class='ocrx_word' id='word_1_261' title='bbox 503 4114 618 4182; x_wconf 74' lang='lat' dir='ltr'>Argent.</span> <span class='ocrx_word' id='word_1_262' title='bbox 638 4116 681 4167; x_wconf 87' lang='lat' dir='ltr'>ed.</span> <span class='ocrx_word' id='word_1_263' title='bbox 704 4115 771 4167; x_wconf 80' lang='lat'>1883</span> <span class='ocrx_word' id='word_1_264' title='bbox 800 4134 827 4182; x_wconf 90' lang='lat' dir='ltr'>p.</span> <span class='ocrx_word' id='word_1_265' title='bbox 848 4117 880 4166; x_wconf 89' lang='lat'>15</span> <span class='ocrx_word' id='word_1_266' title='bbox 903 4114 1043 4182; x_wconf 81' lang='lat' dir='ltr'>„quand0“</span> <span class='ocrx_word' id='word_1_267' title='bbox 1065 4119 1156 4167; x_wconf 87' lang='lat' dir='ltr'>ortum</span> <span class='ocrx_word' id='word_1_268' title='bbox 1176 4132 1234 4166; x_wconf 88' lang='lat' dir='ltr'>esso</span> 
     </span>
     <span class='ocr_line' id='line_1_34' title="bbox 169 4203 1236 4271; baseline -0.003 -13"><span class='ocrx_word' id='word_1_269' title='bbox 169 4209 262 4258; x_wconf 88' lang='lat' dir='ltr'>censet</span> <span class='ocrx_word' id='word_1_270' title='bbox 280 4204 412 4257; x_wconf 82' lang='lat' dir='ltr'>adverbio</span> <span class='ocrx_word' id='word_1_271' title='bbox 432 4204 578 4271; x_wconf 84' lang='lat' dir='ltr'>temporali</span> <span class='ocrx_word' id='word_1_272' title='bbox 597 4203 741 4271; x_wconf 72' lang='lat' dir='ltr'>*„quodd“</span> <span class='ocrx_word' id='word_1_273' title='bbox 761 4208 789 4257; x_wconf 85' lang='lat' dir='ltr'>et</span> <span class='ocrx_word' id='word_1_274' title='bbox 806 4204 938 4257; x_wconf 85' lang='lat' dir='ltr'>adverbio</span> <span class='ocrx_word' id='word_1_275' title='bbox 952 4204 1054 4256; x_wconf 81' lang='lat' dir='ltr'>modali</span> <span class='ocrx_word' id='word_1_276' title='bbox 1069 4206 1180 4271; x_wconf 84' lang='lat' dir='ltr'>„quem“</span> <span class='ocrx_word' id='word_1_277' title='bbox 1196 4203 1236 4256; x_wconf 88' lang='lat' dir='ltr'>ita</span> 
     </span>
     <span class='ocr_line' id='line_1_35' title="bbox 168 4292 1234 4362; baseline -0.001 -17"><span class='ocrx_word' id='word_1_278' title='bbox 168 4294 240 4347; x_wconf 88' lang='lat' dir='ltr'>inter</span> <span class='ocrx_word' id='word_1_279' title='bbox 265 4312 293 4346; x_wconf 90' lang='lat' dir='ltr'>se</span> <span class='ocrx_word' id='word_1_280' title='bbox 313 4293 478 4358; x_wconf 89' lang='lat' dir='ltr'>commixtis,</span> <span class='ocrx_word' id='word_1_281' title='bbox 511 4297 541 4345; x_wconf 90' lang='lat' dir='ltr'>ut</span> <span class='ocrx_word' id='word_1_282' title='bbox 577 4295 689 4360; x_wconf 81' lang='lat' dir='ltr'>,quam“</span> <span class='ocrx_word' id='word_1_283' title='bbox 720 4295 835 4361; x_wconf 88' lang='lat' dir='ltr'>stirpem</span> <span class='ocrx_word' id='word_1_284' title='bbox 866 4297 950 4362; x_wconf 85' lang='lat' dir='ltr'>„quo“</span> <span class='ocrx_word' id='word_1_285' title='bbox 981 4294 1043 4346; x_wconf 92' lang='lat' dir='ltr'>loco</span> <span class='ocrx_word' id='word_1_286' title='bbox 1072 4292 1234 4346; x_wconf 88' lang='lat' dir='ltr'>demoverit.</span> 
     </span>
    </p>
   </div>
   <div class='ocr_carea' id='block_1_4' title="bbox 0 0 1609 5208">
    <p class='ocr_par' dir='ltr' id='par_1_4' title="bbox 0 0 1609 5208">
     <span class='ocr_line' id='line_1_36' title="bbox 0 0 1609 5208; baseline 0 0"><span class='ocrx_word' id='word_1_287' title='bbox 0 0 1609 5208; x_wconf 95' lang='lat' dir='ltr'> </span> 
     </span>
    </p>
   </div>
  </div>
 </body>
</html>
