3206 5208
613 534 834 594 ,25-

188 709 286 773 vicies
298 708 419 774 novies:
447 728 532 792 „nou
548 706 640 790 quia“
656 728 728 772 cum
743 706 809 772 iud.
835 745 876 753 —
895 705 972 790 „sed
984 705 1078 789 quial

308 816 418 880 semel:
446 835 530 897 „non
547 813 641 896 quia“
657 833 726 878 cum
742 813 807 878 iud.
833 853 874 859 —
894 812 970 898 „sed
988 811 1082 894 quia.
1098 860 1104 875 .
1120 861 1126 874 .
1145 816 1178 876 et
1198 813 1254 876 ut“

356 927 419 986 ter:
446 941 531 1004 „non
548 921 642 1004 quia“
658 941 729 985 cum
741 920 806 984 ind.
831 958 871 966 -
893 919 987 1003 „sed“
997 923 1149 1001 sequente
1159 940 1255 983 enun-

890 1028 972 1091 tiato
988 1048 1046 1110 per
1058 1047 1092 1090 se
1104 1026 1212 1109 posito

311 1134 420 1202 semel:
449 1156 532 1221 „non
549 1136 642 1218 quia“
659 1134 807 1199 cumiud.
832 1172 874 1180 --
894 1133 1042 1217 „sedne“

309 1243 419 1309 semel:
447 1263 532 1326 „non
548 1243 641 1326 quia“
658 1263 729 1307 cum
741 1241 807 1306 ind.
834 1281 872 1288 -
893 1240 970 1325 „sed
981 1241 1033 1304 in“
1047 1260 1117 1304 oum
1126 1261 1256 1305 accusa-

890 1348 956 1412 tivo

352 1463 416 1522 ter:
444 1478 527 1541 „non
544 1456 637 1538 quia“
653 1457 818 1521 cumconi.
837 1495 877 1502 —
898 1455 974 1540 „sed
986 1455 1079 1538 quia“

308 1563 419 1630 semel:
447 1584 531 1649 „uon
548 1563 639 1647 quia“
656 1583 727 1628 cum
739 1562 822 1628 coni.
840 1601 883 1608 -
901 1562 978 1646 „sed
990 1561 1160 1645 quoniam“

308 1672 419 1737 semel:
447 1693 531 1755 „non
548 1671 641 1754 quia“
657 1692 728 1735 cum
740 1671 822 1736 coni.
841 1709 882 1716 —
902 1669 979 1753 „sed
990 1669 1045 1733 ut“

309 1778 419 1844 semel:
446 1799 532 1862 „non
546 1779 602 1842 ut“
837 1815 880 1824 —
900 1776 975 1860 ⁷‚scd
987 1775 1095 1859 quia“.

258 1904 296 1968 In
308 1904 412 1968 modis
426 1903 480 1986 qui
493 1908 670 1986 sequuntur
686 1903 800 1986 „quia“
812 1902 1069 1966 coniunctionem
1080 1901 1258 1965 tractandis

191 2034 258 2077 rem
281 2011 391 2094 paucis
413 2031 544 2094 possum
568 2009 743 2074 absolvere.
789 2010 822 2073 in
845 2009 1026 2073 universum
1050 2007 1177 2091 quidem
1201 2006 1257 2074 Se-

191 2140 270 2183 neca
299 2139 371 2182 cum
399 2117 535 2181 aliorum
563 2116 755 2199 scriptorum
779 2115 906 2181 dicendi
930 2114 1160 2180 consuetudine
1185 2136 1257 2180 cou-

191 2224 285 2308 gruit.
339 2223 433 2306 longe
465 2223 609 2306 plurimis
639 2222 720 2287 locis
752 2222 957 2286 indicativum
988 2221 1146 2301 adiunxit,
1186 2243 1258 2285 con-

190 2331 321 2395 iunctivi
349 2330 436 2395 modi
459 2329 613 2412 exempla,
647 2329 702 2394 ubi
725 2335 801 2412 post
827 2328 941 2414 „quiid
968 2328 1134 2408 exsistunt,
1166 2332 1203 2392 ut
1225 2329 1257 2392 d.

191 2439 242 2505 IV
267 2442 319 2520 31,
347 2442 362 2501 1
389 2437 535 2524 („iniqua
563 2437 720 2521 quaedam
747 2437 890 2502 iudicant
913 2436 1068 2519 homines,
1093 2436 1168 2518 quia
1190 2437 1259 2518 pati

191 2569 257 2612 non
281 2546 460 2626 debuerint,
485 2545 651 2628 quaedam,
676 2545 752 2628 quia
771 2565 836 2609 non
853 2543 1085 2629 speraverint“)
1104 2542 1258 2609 orationis

192 2652 339 2736 obliquae
374 2653 498 2718 ratione
530 2651 622 2718 facile
652 2650 860 2734 explicantur.
911 2651 952 2716 de
983 2649 1152 2716 modorum
1184 2654 1259 2733 post

193 2782 279 2843 „non
303 2760 397 2842 quia“
422 2781 482 2824 usu
505 2757 601 2824 modo
625 2759 866 2841 disputavimua

690 2974 763 3054 aa.

655 3111 795 3197 Quod

258 3274 298 3337 In
332 3274 557 3338 coniunctione
593 3272 718 3358 „quod‘
754 3271 874 3358 (accus.
903 3272 1101 3355 pronominis
1135 3272 1258 3336 relativi

190 3381 392 3464 intellegunt,
416 3378 685 3444 cf.Scl1malzium
707 3379 774 3444 l.o.
799 3378 917 3466 §248)
942 3379 1023 3444 duae
1047 3384 1122 3444 sunt
1145 3401 1257 3444 conso-

192 3491 294 3554 ciatae
324 3487 579 3573 significationeS‚
614 3487 804 3571 explicatius
833 3492 866 3551 et
895 3486 1042 3568 causalia,
1072 3486 1118 3552 ita
1140 3491 1258 3568 tamen,

192 3603 228 3660 ut
265 3595 356 3661 facile
391 3594 492 3661 altera
525 3596 558 3659 iu
592 3595 726 3659 alteram
760 3599 914 3658 transeat.
971 3615 1067 3676 quam
1100 3594 1258 3658 rationem

191 3702 279 3768 nullo
305 3701 399 3767 datur
420 3703 552 3784 negotio
576 3701 754 3781 observare,
779 3700 835 3765 ubi
857 3700 1056 3765 enuntiatum
1073 3721 1111 3765 ex
1128 3699 1254 3784 „quedl

191 3808 350 3893 particula
365 3807 517 3890 pendens,
541 3813 577 3872 ut
596 3808 628 3873 in
644 3807 747 3872 verbis
764 3805 946 3887 affectuum,
970 3805 1106 3870 causalis
1130 3806 1259 3871 ablativi

191 3916 296 3981 locum
320 3919 420 3996 tenet,
446 3915 534 3978 cuius
558 3913 645 3979 modi
665 3913 698 3976 in
715 3913 866 3995 exemplis
883 3917 994 3978 noster
1010 3933 1137 3996 quoque
1154 3933 1258 3978 sermo

191 4021 378 4105 plerumque
406 4025 575 4103 utramque
599 4020 741 4085 admittit
764 4019 1062 4102 interpretationem
1087 4019 1199 4101 „dass“
1227 4024 1259 4083 et

195 4128 315 4212 „weila
362 4149 555 4210 quamquam
584 4128 681 4211 igitur
709 4126 888 4210 particulae
914 4125 1039 4210 „quod“
1067 4123 1257 4207 significatio

192 4256 227 4299 re
243 4254 318 4299 vera
333 4239 441 4299 manet
456 4255 520 4299 una
536 4232 722 4317 eademque,
739 4238 846 4298 tamen
862 4233 903 4298 ad
919 4232 1150 4297 coniunctionis
1167 4253 1258 4296 usum
