3206 5208
792 597 1011 657 ..pg-

365 770 561 854 procumbis,
594 772 642 835 dis
669 776 746 836 vota
770 771 862 836 solvis
886 776 1049 853 tamquam
1073 772 1141 854 ipse
1165 777 1327 852 servatus3
1360 771 1431 836 illae

366 899 462 943 voces
486 884 603 943 exeunt
626 877 702 942 tibi:
728 877 828 960 ,Nihil
844 899 915 942 mea
930 879 1074 958 interest,
1099 901 1140 943 an
1168 901 1218 942 me
1243 879 1432 960 servaveris3

366 985 448 1049 duos
472 985 616 1066 servasti,
640 986 736 1049 immo
761 1006 810 1048 mc
833 985 955 1067 magis}
992 983 1100 1066 Quare
1122 986 1185 1049 ista
1209 985 1299 1068 dieis,
1324 986 1350 1048 si
1367 1007 1432 1049 non

365 1092 484 1175 accipis
507 1091 719 1157 beneficium?
745 1093 828 1175 quia,
853 1097 885 1156 ct
908 1092 935 1154 si
957 1091 1038 1155 filius
1062 1113 1151 1156 meus
1175 1094 1344 1174 pecuniam
1366 1113 1432 1155 mu-

365 1205 454 1263 tuam
478 1199 658 1281 sumpserit,
683 1198 836 1263 creditori
858 1197 1043 1278 numerabo,
1068 1220 1132 1263 non
1156 1203 1265 1263 tamen
1279 1199 1353 1263 ideo
1371 1221 1430 1281 ego

366 1306 516 1370 debuere.
542 1306 617 1388 quia
641 1311 682 1387 et,
708 1306 735 1370 si
757 1305 840 1368 filius
863 1326 952 1369 meus
975 1306 1007 1368 in
1031 1303 1189 1370 adulterio
1212 1306 1430 1388 deprehensus

366 1413 436 1494 erit,
462 1413 657 1494 erubescam,
683 1435 747 1477 non
770 1412 843 1477 ideo
861 1433 920 1493 ego
938 1434 992 1476 ero
1010 1411 1168 1476 adulter.“
1194 1417 1330 1495 apparet
1347 1413 1430 1478 enim

366 1521 536 1584 enuntiatis
572 1542 611 1583 ex
648 1520 762 1605 „quia“
800 1520 959 1602 suspensis
996 1540 1124 1582 causam
1159 1520 1297 1602 supponi
1329 1521 1431 1584 verbis

365 1627 575 1709 prioribus.
608 1626 650 1691 ad
680 1626 777 1691 verba
812 1633 918 1691 autem
950 1649 1036 1710 „non
1063 1633 1171 1691 tamen
1195 1627 1268 1692 idco
1294 1649 1354 1709 ego
1379 1627 1431 1691 dc-

365 1733 484 1799 buero“
513 1733 718 1814 cogitandum
742 1754 812 1800 esse
834 1734 895 1797 hoo
917 1733 984 1799 fere
1010 1735 1105 1817 „quia
1122 1733 1272 1799 creditori
1287 1755 1430 1798 numera-

365 1844 462 1905 vero“
488 1847 520 1906 et
543 1841 687 1905 similiter
710 1841 743 1904 in
765 1841 929 1922 proximis.
1337 1843 1338 1846 ’

431 1948 468 2035 1))
492 1947 634 2012 sedecies
665 1948 697 2012 in
721 1949 888 2012 enuntiato
912 1947 1080 2030 principali
1105 1949 1244 2012 occurrit
1269 1949 1430 2013 correlati-

365 2078 438 2119 vum
463 2056 526 2140 „ob
549 2057 649 2121 hoc“:
681 2055 844 2137 (11116,
871 2059 908 2118 5:
941 2054 1001 2137 „ob
1025 2057 1087 2120 hoc
1110 2077 1170 2119 nec
1193 2057 1242 2120 ira
1265 2054 1323 2141 (so.
1347 2055 1430 2120 bono

366 2163 528 2249 convenit)
561 2164 636 2245 quia
668 2183 775 2245 poena
808 2163 875 2226 irae
909 2163 1089 2226 convenit“.
1136 2163 1249 2244 reliqui
1282 2163 1336 2245 qui
1369 2163 1431 2226 huc

365 2271 526 2352 pertinent
548 2269 611 2332 loci
634 2273 708 2332 sunt
731 2269 779 2331 hi:
806 2268 845 2332 de
869 2268 940 2333 ben.
964 2270 982 2332 I
1008 2273 1038 2350 3,
1055 2272 1091 2350 4,
1116 2268 1165 2337 IV
1185 2273 1234 2350 15,
1251 2273 1287 2350 4,
1311 2269 1363 2334 VI
1380 2273 1429 2348 21,

368 2380 401 2456 3,
425 2375 599 2456 V123,8;
624 2375 820 2455 V131,1o;
845 2375 1429 2458 n.qu.12‚33113,231139,33

364 2483 477 2563 1115,
502 2481 804 2563 V10,33V1[9,
831 2485 866 2564 1,
891 2502 999 2563 epm.
1019 2486 1069 2562 51,
1091 2484 1123 2564 1,
1148 2487 1199 2562 87,
1219 2485 1275 2563 24,
1301 2484 1354 2563 94,
1372 2486 1429 2561 37,

366 2592 418 2671 94,
443 2594 495 2652 67.

432 2695 464 2781 e)
488 2699 539 2760 ter
556 2695 671 2779 ,quia“
690 2696 869 2760 coniunctio
894 2693 1063 2760 referenda
1084 2700 1133 2758 est
1150 2695 1191 2759 ad
1208 2695 1429 2758 correlativum

369 2802 430 2888 ,ob
453 2804 516 2867 hoc
539 2802 680 2884 ipsum“:
706 2802 737 2866 d.
761 2802 798 2865 X
825 2806 873 2882 13,
894 2805 929 2864 4:
958 2801 1130 2886 „Claudius
1153 2803 1180 2866 is
1203 2803 1274 2883 fuit,
1299 2799 1429 2866 Caudex

367 2909 407 2974 ob
422 2910 485 2974 hoc
502 2910 607 2992 ipsum
623 2909 809 2992 appellatus
829 2910 903 2990 quia
919 2909 1056 2992 plurium
1068 2908 1250 2973 tabularum
1263 2913 1429 2973 contextus

367 3017 490 3081 caudex
506 3015 590 3098 apud
608 3017 758 3098 antiquos
771 3014 979 3080 vocabatur“.
1005 3016 1044 3079 dc
1056 3015 1160 3079 ben.I
1176 3019 1202 3095 1,
1218 3019 1254 3098 3,
1267 3015 1316 3082 VI
1333 3019 1385 3098 31,
1400 3020 1429 3078 8.

434 3123 467 3209 (1)
500 3123 549 3187 bis
573 3124 649 3187 mihi
674 3124 814 3188 occurrit
837 3124 869 3187 in
894 3124 1057 3187 enuntiato
1080 3123 1247 3205 principali
1280 3145 1365 3207 ,non
1389 3121 1429 3186 ob

365 3230 488 3295 aliud“:
503 3229 651 3312 uvsso,
663 3235 695 3293 l:
712 3229 789 3313 ,sed
801 3235 837 3293 tu
850 3231 996 3312 quoque“¹
1011 3230 1114 3312 inquit
1130 3231 1299 3314 „virtutem
1310 3251 1376 3294 non
1390 3228 1429 3292 ob

366 3337 452 3401 aliud
476 3337 563 3416 colis
589 3357 685 3419 quam
702 3337 777 3418 quia
792 3336 931 3419 aliquam
947 3337 1057 3400 exilia
1073 3357 1183 3419 speras
1199 3335 1428 3418 voluptatem“.

366 3444 447 3509 alter
469 3443 558 3508 locus
582 3443 633 3507 hic
658 3449 707 3507 est
731 3443 770 3507 de
794 3442 867 3507 ben.
884 3443 934 3510 VI
951 3447 1003 3523 23,
1022 3449 1050 3508 2.
1080 3463 1161 3528 ,non
1185 3442 1225 3507 ob
1250 3442 1345 3506 aliam
1361 3463 1430 3506 cau-

365 3553 453 3615 sam“
478 3550 578 3615 habes
601 3572 632 3613 n.
650 3571 702 3632 qu.
720 3550 738 3613 I
756 3553 785 3630 3,
805 3554 860 3612 12:
889 3550 1044 3634 „varietas
1068 3555 1175 3614 autem
1198 3570 1263 3613 non
1280 3548 1321 3613 ob
1337 3549 1427 3612 aliam

365 3679 493 3722 cansam
516 3655 563 3737 fit,
592 3679 686 3738 quam
711 3657 785 3738 quia
808 3677 884 3738 pars
909 3656 1024 3721 coloris
1048 3656 1116 3721 sole
1140 3661 1188 3720 est
1211 3676 1333 3738 sparsa,
1357 3676 1429 3738 pars

365 3765 397 3827 in
420 3763 504 3828 nube
527 3763 613 3827 illa“.
640 3763 703 3846 „ob
723 3762 842 3826 nullam
858 3763 952 3826 aliam
970 3784 1108 3841 causam,
1126 3784 1221 3845 quam
1238 3762 1330 3844 quia“
1356 3762 1430 3843 legi·

365 3891 435 3934 mus
459 3869 498 3934 de
521 3869 593 3934 ben.
609 3870 661 3936 IV
679 3874 730 3950 16,
749 3875 783 3932 2ῑ
811 3869 946 3952 „Fixum
969 3868 1047 3932 illud
1072 3873 1131 3950 est,
1156 3891 1176 3933 a
1198 3891 1261 3950 quo
1277 3869 1309 3932 in
1326 3873 1430 3933 cetera

365 3975 574 4058 probationes
597 3983 728 4041 nostrae
757 3981 884 4056 exeunt,
917 3976 1086 4039 honestum
1118 3974 1158 4039 ob
1191 3975 1309 4039 nullam
1337 3975 1430 4039 aliam

366 4103 504 4164 causam,
530 4104 626 4165 quam
650 4083 724 4165 quia
747 4082 916 4146 honestum
941 4082 992 4162 sit,
1018 4081 1112 4146 coli“.

434 4191 465 4274 e)
495 4190 592 4254 semel
620 4190 785 4272 praecedit
814 4188 1037 4252 correlativum
1069 4187 1149 4272 „hoc
1172 4187 1278 4269 ipso“:
1315 4207 1364 4268 ep.
1388 4207 1428 4248 m.

370 4300 442 4377 117,
460 4301 517 4360 27:
545 4297 634 4381 „quis
658 4296 761 4360 nescit
785 4294 846 4358 hoc
869 4295 939 4376 ipso
964 4315 1027 4358 non
1052 4314 1119 4358 esse
1143 4292 1319 4372 bonumid,
1344 4290 1430 4374 quod
