3206 5208
595 565 817 626 ..59-

239 745 389 809 propterea
406 741 477 810 quod
493 741 527 793 41

208 828 678 897 quodpostvarbaaffeatuum4lss.

243 917 316 972 doleo
335 959 382 974 ...
402 917 474 987 qaod
494 919 528 971 41

243 1008 312 1062 dolet
329 1007 400 1061 mihi
417 1049 423 1060 .
438 1048 465 1062 ..
485 1007 555 1077 quod
573 1008 606 1061 41

242 1098 291 1163 fleo
308 1097 378 1165 quod
395 1097 429 1149 41

242 1186 351 1253 paudeo
370 1225 418 1239 ...
438 1184 508 1254 quud
525 1185 560 1238 41
571 1202 592 1239 a.

241 1289 316 1343 yeme
336 1314 384 1327 ...
403 1274 474 1343 quod
491 1274 527 1326 42

241 1361 371 1431 indipnor
389 1401 438 1416 ...
457 1364 528 1432 quod
544 1364 580 1416 42

242 1451 353 1522 indique
370 1451 428 1519 fero
518 1452 590 1521 qaod
607 1453 643 1505 42

241 1539 355 1607 infestas
372 1556 432 1596 aum
452 1580 500 1595 ...
520 1541 591 1611 quod
609 1543 645 1594 42

241 1630 345 1684 iraacor
363 1669 411 1684 ...
431 1629 503 1700 quod
521 1632 556 1683 42

241 1719 327 1774 laetor
346 1758 394 1773 ...
413 1719 486 1789 quod
503 1721 539 1772 42

242 1809 312 1862 male
330 1808 413 1862 habeo
433 1848 481 1861 ...
500 1808 572 1877 quod
589 1810 625 1862 42

241 1899 327 1950 miror
346 1935 393 1950 ...
413 1898 484 1967 quod
500 1898 536 1949 42
546 1914 566 1950 s.

241 2001 343 2039 moereo
362 2024 410 2038 ...
430 1985 501 2052 quod
518 1987 554 2039 43

241 2089 347 2128 moveor
366 2113 413 2127 ...
433 2075 504 2141 quod
521 2077 557 2128 43

240 2169 326 2218 mouet
344 2179 385 2216 me
472 2165 543 2230 quod
560 2167 596 2217 43
621 2169 623 2172 '

240 2267 294 2306 non
313 2252 412 2306 mirum
432 2251 504 2319 quod
521 2253 556 2306 43

241 2340 288 2394 odi
305 2381 312 2394 .
327 2381 354 2393 ..
374 2339 446 2408 quoa
462 2343 497 2394 43

238 2430 335 2499 placeo
353 2429 422 2484 mam
439 2430 511 2497 quod
528 2432 563 2483 43

240 2523 309 2588 puto
326 2535 368 2572 me
387 2521 505 2588 aliquem
524 2518 595 2587 qaod
612 2521 648 2573 43

242 2624 338 2675 queror
357 2609 428 2675 quoa
444 2609 480 2661 43

208 2698 280 2764 quod
297 2701 362 2765 post
374 2698 460 2752 verba
474 2697 618 2762 laudandi,
637 2713 679 2751 re·

272 2786 466 2855 prehendeudi
482 2788 518 2839 44

240 2877 345 2945 pratias
363 2890 414 2946 ayo
433 2915 480 2930 ...
501 2875 572 2942 quod
588 2877 625 2928 44

240 2965 365 3034 pratulm
383 3003 432 3018 ...
452 2964 523 3031 qaod
540 2965 576 3016 44

242 3053 326 3107 laudo
345 3093 392 3107 ...
413 3053 484 3121 quod
501 3054 537 3105 44

242 3141 325 3196 obicio
346 3182 394 3196 ...
415 3143 487 3210 quod
503 3144 540 3194 44

241 3231 352 3302 obiuryo
371 3271 419 3285 ...
439 3233 511 3299 quod
528 3233 564 3285 44

768 740 853 796 habeo
870 741 943 808 quod
959 741 995 794 45

768 845 823 883 uun
841 829 913 896 quod
930 831 966 882 46

769 934 825 974 non
845 925 885 973 est
902 920 973 988 quod
990 921 1057 972 44⁸.

768 1024 825 1061 uon
845 1023 878 1062 ea
895 1023 924 1062 eo
943 1008 1016 1074 quod
1033 1009 1068 1060 46

768 1111 823 1150 uun
841 1112 871 1150 eo
889 1099 996 1151 nomina
1015 1096 1087 1164 quod
1104 1096 1139 1150 46

769 1185 839 1252 quid
857 1192 896 1242 est
915 1187 986 1253 quod
1002 1185 1038 1238 45

770 1274 837 1341 quid
856 1275 927 1341 quod
945 1275 979 1327 46

768 1362 816 1418 aad
834 1363 906 1430 quod
922 1365 957 1416 45

734 1451 856 1526 quodque
881 1457 910 1506 et
936 1468 1101 1522 quorumque
1130 1450 1242 1506 eonfirsa

842 1543 876 1594 33
895 1542 958 1595 adn.

734 1631 891 1704 quoniam
907 1632 943 1683 47
954 1647 988 1683 aa.

770 1719 898 1792 quoniam
937 1736 1025 1787 prope
1063 1717 1171 1772 accedit
1206 1717 1242 1772 ad

841 1809 907 1880 quia
929 1807 1081 1877 particulae
1108 1806 1242 1878 significa-

841 1897 946 1951 tionem
963 1898 998 1948 49

769 1987 898 2059 quom‘am
915 2002 1024 2039 causam
1041 1984 1122 2039 affert
1134 1988 1241 2040 senten·

841 2075 896 2128 tiae
915 2091 1079 2143 suppressae
1096 2075 1132 2127 49
1141 2091 1161 2128 a.

769 2165 898 2236 quoniam
928 2163 964 2217 ad
990 2162 1142 2231 particulae
1173 2167 1241 2217 tarn·

840 2252 943 2320 puralis
965 2252 1022 2305 vim
1044 2251 1184 2320 adspirare
1202 2252 1242 2305 vi-

841 2341 922 2396 detur
940 2342 973 2394 51
985 2359 1005 2394 s.

769 2431 900 2505 quoniam
918 2434 983 2498 post
1001 2430 1061 2484 ideo
1080 2431 1115 2483 52
1124 2448 1145 2483 s.

769 2521 898 2593 quoniam
916 2519 1022 2591 quidem
1041 2520 1075 2572 52

768 2608 961 2682 sedquoniam
980 2609 1014 2661 53

732 2697 834 2766 sipost
847 2698 970 2764 verbum,
984 2698 1059 2765 quod
1068 2697 1151 2751 animi
1161 2696 1240 2752 affec·

803 2790 862 2839 tum
881 2786 1017 2856 significat
1034 2787 1069 2839 43

732 2876 843 2930 ubertas
867 2875 923 2928 stili
946 2879 993 2928 aut
1015 2874 1183 2948 abundantia
1207 2876 1247 2947 17Δ

732 2965 851 3019 varietas
865 2963 996 3017 orationis
1015 2963 1049 3016 14
1059 2981 1080 3017 a.
1093 2965 1134 3022 26,
1149 2964 1183 3016 27
1187 3005 1193 3018 .
1205 2963 1240 3016 39

635 3086 639 3096 ·
732 3053 820 3108 verba
838 3052 984 3106 affectuum
1001 3055 1035 3105 41
1047 3069 1082 3106 ss.

733 3141 818 3196 verba
845 3142 994 3207 laudandi,
1026 3140 1240 3211 reprehendendi

804 3233 840 3284 43
853 3249 872 3286 a.
