3206 5208
641 513 860 572 ..27-

219 685 319 768 ,hanc
342 685 425 750 enim
447 684 519 768 plus
543 685 660 750 habero
685 685 799 750 caloris
823 707 863 750 ex
885 691 1025 770 quatuor
1052 687 1173 752 causis:
1207 709 1280 766 una,

216 791 303 873 quod
320 792 421 856 omnis
436 796 593 856 terrarum
610 791 807 874 evaporatio,
833 813 905 856 oum
920 791 1054 858 multum
1070 793 1102 856 in
1119 814 1153 858 se
1169 793 1282 858 fervidi

215 898 359 981 aridique
384 897 511 981 habeat,
540 898 603 963 hoc
632 904 681 962 est
705 897 839 964 calidior
861 921 925 982 quo
950 901 1121 965 recentior.
1168 900 1280 984 altera,

215 1006 302 1088 quod
325 1005 406 1070 radii
427 1005 504 1070 solis
521 1027 541 1070 1
556 1012 643 1070 terra
658 1005 803 1070 resiliunt
820 1011 851 1070 et
867 1006 900 1070 iu
916 1027 950 1071 se
967 1009 1131 1072 currunt“.
1168 1008 1281 1073 deinde

216 1119 252 1176 ut
267 1112 415 1178 varietati
432 1112 585 1176 orationis
603 1110 788 1176 consulatur
806 1113 851 1177 sic
866 1113 972 1197 pergit
988 1114 1139 1199 scriptor:
1168 1115 1282 1199 ,tertia

215 1241 313 1285 causa
336 1224 394 1300 111,
420 1219 507 1301 quod
529 1219 628 1302 magis
653 1218 1035 1302 11111110111111111111ιι
1062 1243 1089 1286 1.
1107 1243 1137 1304 q.
1155 1243 1180 1284 1.

284 1323 523 1390 substantivum
548 1345 568 1388 a
588 1325 825 1408 praepositione
851 1328 930 1408 ,ex“
947 1327 1090 1409 pendens
1107 1327 1283 1411 explicatur

215 1455 245 1495 1.
263 1454 315 1514 qu.
333 1431 384 1499 IV
401 1437 431 1512 2,
457 1437 493 1494 9:
521 1433 690 1516 ,iuvatque
711 1453 808 1514 agros
829 1433 953 1498 duabus
971 1453 1010 1498 ex
1026 1435 1130 1499 causis
1146 1440 1179 1499 et
1195 1433 1281 1517 quod

213 1538 348 1603 inundat
364 1543 397 1603 et
413 1539 501 1622 quod
518 1537 683 1603 oblimat“.
721 1539 784 1602 hnc
799 1541 940 1622 pertinet
957 1541 1053 1605 etiam
1070 1541 1100 1605 d.
1118 1539 1155 1604 X
1175 1545 1225 1623 13,
1250 1546 1280 1604 8.

282 1641 524 1708 Substantivum
547 1645 749 1709 coniunctum
773 1650 822 1709 est
846 1667 917 1709 cum
940 1647 1181 1728 praepositione
1199 1647 1278 1731 ,de“

215 1751 246 1814 d.
262 1749 299 1814 X
325 1754 353 1832 1,
382 1755 414 1814 l:
447 1751 575 1836 ,Maior
596 1772 672 1833 pars
696 1751 890 1833 mortalium,
913 1751 1058 1835 Pauline,
1083 1753 1123 1818 de
1147 1758 1281 1818 naturae

213 1857 412 1940 malignitate
439 1859 655 1940 conqueritur,
687 1859 772 1941 quod
794 1859 828 1922 in
851 1859 998 1942 exiguum
1022 1861 1090 1925 aevi
1114 1861 1282 1943 gignamur

215 1965 347 2050 (sequor
368 1965 483 2051 Paulyi
511 1965 783 2030 emendationem:
819 1967 976 2049 gignimur
999 1967 1058 2053 A),
1089 1969 1174 2052 quod
1202 1968 1282 2034 haec

215 2077 282 2137 tam
308 2073 467 2154 velociter,
496 2079 563 2136 tam
586 2072 696 2156 rapide
721 2073 787 2137 dati
810 2073 901 2138 nobis
925 2075 1077 2156 temporis
1101 2076 1205 2158 spatia
1228 2076 1280 2140 de-

216 2180 379 2244 currant“.
420 2180 450 2244 d.
467 2179 504 2242 X
522 2185 552 2262 2,
577 2183 612 2243 5:
641 2185 839 2264 ,queruntur
862 2181 901 2245 de
926 2183 1122 2264 superiorum
1140 2182 1280 2264 fastidio,

216 2287 303 2369 quod
326 2288 403 2369 ipsis
427 2287 516 2352 adire
540 2287 718 2352 volentibus
742 2307 808 2351 non
832 2289 1044 2352 vacaverint“.

281 2394 317 2480 b)
340 2394 553 2458 Ennntiatnm
583 2416 622 2458 ex
651 2393 809 2476 particula
841 2395 968 2478 ,quodl
997 2401 1107 2478 aptum
1132 2396 1280 2480 explana·

215 2502 335 2565 tionem
374 2502 515 2566 continet
557 2501 746 2566 substantivi
779 2523 850 2566 cnm
884 2503 1073 2584 pronomine
1109 2505 1281 2572 coniuncti.

282 2608 481 2673 Nominativi
503 2608 583 2674 haec
607 2607 710 2673 habeo
736 2608 898 2691 exempla:
932 2609 962 2673 d.
985 2610 1037 2678 IV
1060 2615 1112 2692 22,
1139 2614 1175 2674 3:
1203 2611 1282 2696 ,hoc

214 2715 371 2780 humanae
400 2720 534 2780 naturae
561 2715 672 2779 vitium
702 2721 885 2798 suspectum
916 2721 1092 2799 notumque
1115 2717 1206 2781 nobis
1230 2719 1282 2799 sit,

217 2822 314 2904 quod,
339 2843 424 2904 quoe
446 2821 535 2886 inviti
558 2821 714 2903 audimus,
738 2821 873 2887 libenter
897 2823 1087 2888 credimus“.
1121 2845 1153 2888 u.
1170 2846 1223 2908 qu.
1246 2825 1282 2890 H

217 2933 269 3010 59,
296 2932 353 2992 13:
381 2934 433 3014 ,et
455 2929 537 2993 inter
561 2934 669 2994 cetera
692 2929 753 2993 hoc
774 2949 902 3012 qnoque
919 2930 1122 2994 commodum
1139 2936 1187 2995 est
1204 2931 1281 3012 eius,

215 3036 303 3117 quod
327 3036 597 3118 exspectationem
621 3056 710 3100 suam
733 3036 926 3101 antecedit‘t
962 3059 993 3102 n.
1018 3059 1071 3119 qu.
1092 3037 1141 3105 VI
1166 3043 1219 3118 24,
1246 3041 1280 3118 53

215 3165 265 3226 ep.
289 3166 331 3208 m.
358 3149 409 3226 78,
437 3148 495 3224 103
523 3148 596 3220 102,
624 3147 680 3224 183
708 3165 739 3206 n.
764 3165 817 3225 qu.
840 3145 859 3208 Ι
883 3149 912 3225 2,
941 3147 996 3208 lo:
1034 3165 1151 3229 ,cansa
1173 3149 1281 3209 autem

215 3250 356 3315 raritatis
372 3252 452 3315 haec
469 3256 527 3334 est,
545 3251 651 3334 quod‘
668 3273 695 3316 e.
708 3273 738 3343 q.
753 3272 776 3314 s.
813 3272 862 3332 ep.
875 3273 917 3314 m.
932 3255 963 3333 6,
982 3255 1014 3314 1:
1041 3255 1094 3334 ,et
1105 3250 1166 3315 hoc
1177 3251 1281 3335 ipsum

214 3365 437 3442 argumentum
461 3360 565 3424 estin
588 3359 699 3424 melius
724 3358 873 3423 translati
888 3359 993 3440 animi,
1019 3359 1105 3442 quod
1121 3359 1197 3423 vitia
1212 3380 1279 3440 sna,

214 3487 294 3549 quae
324 3467 427 3531 adhuc
456 3467 638 3549 ignorabat,
674 3467 791 3532 videt“.
839 3489 889 3550 ep.
914 3490 956 3532 m.
981 3472 1038 3549 97,
1073 3471 1128 3549 153
1164 3489 1214 3550 ep.
1237 3490 1280 3532 m.

215 3579 268 3655 82,
295 3577 348 3638 15:
386 3574 461 3657 ,illa
488 3595 615 3657 quoque
643 3595 694 3638 res
721 3575 817 3638 morti
845 3596 905 3640 nos
930 3575 1061 3657 alienat,
1093 3576 1179 3658 quod
1202 3575 1281 3640 haec

213 3681 276 3744 iam
305 3681 457 3761 novimus,
489 3681 551 3762 illa,
585 3681 627 3745 ad
654 3701 736 3763 quae
760 3681 927 3744 transituri
950 3701 1069 3763 sumus,
1101 3681 1278 3746 1111111111α

216 3808 243 3854 e.
269 3809 299 3869 q.
324 3807 350 3850 1.
390 3785 475 3851 dX
500 3791 550 3868 16,
577 3792 611 3867 33
637 3786 753 3855 dvss
779 3791 807 3869 1,
834 3792 870 3851 3:
904 3788 1014 3870 ,atqui
1037 3787 1124 3852 nulla
1146 3809 1198 3852 res
1221 3809 1281 3852 nos

213 3893 385 3958 maioribus
408 3893 500 3958 malis
523 3893 664 3978 inplicat,
689 3915 781 3977 quam
805 3893 890 3976 quod
910 3894 952 3958 ad
972 3915 1132 3960 rumorem
1153 3915 1280 3977 compo-

214 4001 350 4065 nimur“.
397 4023 462 4066 nou
491 4003 598 4084 inepte
622 4001 695 4066 huic
719 4002 813 4066 classi
837 4000 1072 4084 subiungendos
1097 4006 1176 4084 puto
1200 4023 1279 4066 non-

213 4106 315 4171 nullos
338 4106 440 4189 locos,
463 4108 495 4171 in
519 4107 634 4190 quibus
658 4108 890 4173 substantivum
915 4129 954 4172 111
977 4107 1106 4190 reliquis
1123 4109 1279 4172 enuntiati

214 4213 317 4278 verbis
333 4214 375 4278 ad
389 4234 569 4296 pronomen
585 4213 678 4280 facile
699 4215 897 4280 subauditur.
932 4215 965 4278 in
985 4235 1115 4280 censum
1134 4215 1278 4280 veniunt:
